2828 4762
1209 303 1251 365 49

128 478 237 538 111111
267 490 332 553 qua
360 470 470 552 lingua
500 469 603 534 latina
637 489 695 554 per
730 469 915 535 Ciceronem
944 475 976 534 11
1005 469 1178 535 Caesarem
1208 470 1251 535 ad

127 592 284 639 summam
307 572 533 656 perfectionem
558 571 713 655 producta
737 577 798 652 est,
829 578 937 637 tamen
960 571 1002 636 ad
1026 571 1250 654 antiquitatem

126 677 232 760 magis
254 675 439 757 inclinarit,
469 693 564 756 quam
596 674 638 739 ad
670 673 855 756 aequalium
883 673 1155 740 consuetudinem.
1208 675 1251 741 Ut

127 779 274 844 omittam
297 776 404 842 dicere
426 776 466 841 de
488 775 716 861 orthographia
739 781 772 841 11
794 775 962 841 verborum
985 775 1139 860 flexione,
1166 795 1251 861 quae

129 901 182 946 res
203 881 267 945 iam
290 880 332 946 ab
355 879 429 944 aliis
451 879 553 944 fusius
575 879 815 964 pervestigatae
837 886 918 957 sunt,
941 879 976 943 in
998 878 1092 944 rebus
1108 898 1192 961 quae
1207 880 1251 945 ad

129 982 280 1069 syntaxin
302 982 463 1068 pertinent
485 989 628 1047 veterum
651 988 819 1066 poetarum
842 981 1154 1073 sermonemimitati
1169 987 1253 1065 sunt,

129 1093 161 1151 et
181 1084 350 1151 Lucretius
373 1085 500 1166 quidem
523 1085 627 1168 magis
649 1084 744 1150 anxie
767 1083 944 1169 priscorum
967 1090 1133 1169 poetarum
1155 1084 1251 1150 11111-

129 1189 186 1270 gia
208 1186 323 1271 pressit
349 1207 446 1270 quam
476 1187 635 1252 Catullus.
678 1186 769 1252 Haec
799 1187 908 1252 valent
930 1184 1030 1251 etiam
1052 1185 1093 1251 de
1115 1205 1251 1271 praepo

131 1289 280 1354 sitionum
301 1311 369 1373 usu,
391 1290 422 1354 in
447 1310 508 1374 quo
524 1290 693 1355 Lucretius
715 1288 802 1354 baud
823 1308 896 1353 raro
912 1309 932 1353 a
949 1288 1078 1355 Catullo
1094 1288 1252 1356 dissentit.

128 1392 166 1457 In
188 1391 343 1476 eligendis
366 1392 510 1457 formulis
533 1392 681 1476 (quarum
704 1391 759 1457 1111
782 1410 935 1475 magnam
958 1390 1055 1456 habet
1077 1391 1251 1457 multitudi-

129 1494 225 1579 nem),
247 1494 469 1578 loeutionibus,
492 1494 606 1579 verbis,
628 1493 805 1577 adjectivis,
828 1512 913 1576 quae
932 1493 1054 1559 rariore
1070 1494 1164 1558 modo
1179 1513 1251 1559 cum

129 1597 420 1682 praepositionibus
450 1597 699 1681 conjunguntur,
729 1596 762 1660 in
791 1596 937 1661 omnibus
966 1594 1016 1659 his
1046 1595 1139 1660 rebus
1170 1596 1252 1662 sicut

129 1701 225 1766 etiam
248 1701 281 1766 in
303 1700 475 1784 phrasibus
497 1700 572 1783 11111,
595 1720 675 1783 quas
698 1699 785 1765 solus
808 1698 868 1764 sibi
892 1697 991 1783 finxit,
1014 1698 1120 1764 differt
1135 1700 1251 1766 Lucre·

128 1803 191 1868 tius
213 1803 393 1870 aOatullo.
436 1802 571 1887 Propria
594 1810 701 1869 autem
723 1801 902 1886 particulae
925 1801 974 1865 vis
996 1820 1035 1867 ac
1056 1802 1139 1866 ratio
1162 1802 1251 1868 mini·

128 1924 180 1970 me
202 1905 283 1970 talia
306 1905 456 1989 effingere
477 1905 629 1990 impedit,
657 1903 845 1988 praesertim
869 1923 967 1986 quum
990 1903 1110 1987 poetis,
1131 1911 1166 1968 ut
1188 1906 1251 1970 arti

130 2027 209 2072 suae
232 2008 409 2089 consulant,
430 2008 561 2091 linguae
582 2006 706 2090 legibus
728 2005 861 2072 liberius
883 2008 931 2070 uti
953 2005 1057 2071 111111.
1102 2005 1249 2073 Ceterum

129 2128 325 2191 quamquam
356 2110 438 2175 alter
464 2129 484 2174 a
514 2108 680 2194 particulis
710 2107 902 2191 quibusdam
934 2109 1062 2173 omnino
1089 2108 1252 2195 abstinuit,

128 2212 203 2277 illas
225 2212 320 2278 locali
342 2218 474 2296 tantum,
497 2212 557 2277 has
579 2211 798 2296 metaphorica
821 2209 1053 2294 significatione
1076 2212 1252 2298 usurpavit,

131 2315 239 2380 multis
269 2325 377 2383 111111
408 2316 440 2381 11
470 2315 564 2382 rebus
593 2321 705 2400 poetas
733 2313 912 2379 consentire
940 2313 1023 2379 inter
1054 2334 1090 2379 11
1119 2314 1173 2379 vix
1203 2325 1252 2381 est

131 2420 215 2500 quod
238 2439 394 2487 moneam.
437 2422 609 2485 Praeterea
632 2423 777 2503 apparet,
798 2417 907 2500 magni
927 2415 1084 2483 inhaere
1100 2419 1252 2484 momenti

131 2519 229 2587 fuisse
251 2522 416 2588 materiem
440 2522 481 2586 ah
504 2521 651 2586 Lucretio
674 2525 861 2597 tractatam,
884 2526 950 2585 tam
973 2519 1115 2585 alienam
1138 2520 1265 2607 11111,Ι

131 2643 228 2704 quam
254 2623 288 2686 in
317 2623 435 2688 Catulli
465 2622 660 2687 carminibus
691 2621 875 2705 reperimus.
927 2620 1011 2699 Quid
1039 2622 1124 2706 quod
1153 2622 1251 2688 etiam

130 2722 217 2807 apud
240 2723 400 2789 Catullum
423 2723 593 2789 nonnullas
621 2722 894 2808 praepositionum
922 2725 1134 2809 proprietates
1156 2725 1189 2790 in
1211 2725 1252 2790 111

130 2832 253 2890 tantum
276 2826 471 2893 carminibus
492 2826 673 2891 invenimus
695 2845 780 2909 quae
801 2825 846 2891 ad
868 2825 1003 2911 lyricum
1025 2847 1127 2910 genus
1142 2829 1252 2912 poesis

129 2929 301 3013 pertinent,
328 2949 392 2994 non
420 2930 496 2994 item
526 2929 559 2993 in
581 2928 621 2992 iis
643 2948 729 3011 qnae
751 2927 794 2993 ad
817 2928 941 3012 epicum
964 2949 1067 3012 genus
1089 2929 1253 3016 accedunt,

129 3052 324 3116 quamquam
341 3033 368 3098 11
385 3032 457 3115 quis
472 3031 653 3116 contendat,
676 3030 736 3097 hoc
758 3030 927 3098 discrimen
943 3032 1032 3097 casui
1047 3031 1251 3098 tribuendum

129 3155 216 3218 esse,
245 3136 392 3220 equidem
420 3156 483 3200 non
515 3133 720 3201 vehementer
749 3135 1002 3218 repugnaverim.
1052 3133 1117 3200 Sed
1148 3141 1182 3200 ut
1208 3135 1252 3201 ad

129 3238 325 3322 propositum
348 3240 529 3322 veniamus,
550 3239 697 3320 singulas
723 3238 911 3321 particulas,
941 3236 1077 3303 eundem
1106 3237 1251 3304 ordinem

129 3359 272 3423 1111111,
295 3360 390 3423 quem
413 3361 511 3426 supra
533 3339 664 3406 adhibui
687 3359 872 3423 percurram
895 3346 926 3406 et
946 3339 987 3405 de
1002 3340 1042 3404 iis
1057 3359 1140 3423 quae
1156 3340 1252 3406 obvia

130 3450 204 3507 sunt
225 3444 338 3528 paucis
360 3444 525 3510 disseram.

249 3684 641 3783 praepositurarum
669 3685 878 3762 1111111111
906 3682 1128 3782 conjunctae.

215 3852 287 3919 Ad:
313 3855 365 3920 Ad
393 3854 433 3920 de
462 3860 546 3918 motu
576 3852 661 3938 (sive
690 3873 766 3920 vero
788 3854 858 3920 1111
879 3873 937 3937 per
959 3852 1180 3939 metaphoram
1203 3853 1249 3917 in·

131 3951 319 4041 colligendo)
341 3959 374 4021 in
390 3957 495 4022 locum
511 3957 651 4040 aliquem
668 3956 857 4041 saepissime
873 3955 1044 4022 adhibetur
1059 3975 1080 4019 a
1095 3955 1252 4040 Lucretio,

129 4054 288 4121 interdum
311 4057 442 4123 additus
463 4065 511 4124 est
533 4060 687 4125 terminus
709 4079 730 4124 a
752 4079 815 4141 quo
838 4066 942 4124 motus
965 4058 1045 4124 exit:
1068 4059 1093 4140 I,
1110 4059 1180 4122 788.
1212 4057 1250 4121 11

129 4157 289 4222 nonnullis
306 4158 476 4242 'exemplis
508 4160 601 4226 huius
630 4163 756 4244 generis
779 4161 939 4226 notionem
963 4179 1139 4242 agnoscere
1161 4159 1251 4226 licet:

129 4279 249 4343 „usque
272 4259 339 4342 ad“,
362 4279 446 4342 quae
468 4260 509 4325 ab
533 4263 656 4327 Holtaio
679 4263 739 4327 soli
761 4263 866 4326 versui
891 4262 949 4346 VI,
971 4264 1051 4325 1668
1075 4261 1251 4346 „flagrabat

1028 4385 1045 4434 4
