2828 4762
1220 323 1343 386 61.

143 490 268 556 Catullo
290 491 457 555 verborum
482 489 730 572 compositorum
754 493 920 569 structura,
950 494 1053 553 utrum
1077 509 1147 554 cunr
1172 509 1262 572 prae·

143 591 353 676 positionibus
390 611 432 655 an
468 610 538 654 cum
573 589 649 654 solis
681 588 809 653 casibus
838 589 1027 671 conjunctae
1054 591 1263 674 reperiantur.

142 693 261 760 Omitto
292 700 400 758 autem
428 713 468 758 ea
498 683 600 758 verba
631 711 715 774 quae
745 711 807 755 non
837 692 899 755 nisi
930 692 1075 759 absolute
1104 693 1263 776 leguntur.

142 797 242 861 Usum
266 797 450 861 Plautinum
473 795 524 860 hic
546 795 614 860 illic
636 794 805 859 ascribam.
849 793 1050 878 (6166166
1075 797 1262 880 Programm

142 897 173 963 d.
187 899 241 962 lat.
265 897 486 982 Hauptscbule
509 898 604 963 Halle
630 899 725 962 1880:
749 897 799 962 De
822 896 990 962 verborum
1014 900 1261 982 compositorum

143 1021 228 1084 quae
251 1007 378 1066 exstant
400 1000 487 1085 apud
510 1000 658 1064 Plautum
682 1006 840 1064 structura
862 1000 1110 1086 commentatio).

144 1103 279 1170 Abesse:
302 1123 332 1187 a,
353 1103 416 1169 abl.
432 1106 481 1184 63,
497 1106 547 1168 66.
576 1139 617 1148 -
646 1102 775 1166 Lucret:
804 1121 833 1185 a,
855 1102 919 1167 dat.
943 1101 1003 1188 (sic
1026 1103 1148 1188 lllricb)
1170 1111 1263 1189 puto:

347 1206 409 1271 abl
431 1243 474 1254 -
495 1205 600 1271 Plaut.
622 1226 651 1287 6,
673 1203 730 1268 dat
753 1205 814 1270 abl.
837 1205 968 1291 (domo).

144 1309 338 1375 Abhorrere:
361 1307 516 1375 absolute.
538 1345 579 1354 -
602 1308 709 1372 Lucu:
725 1328 754 1372 a.
799 1382 801 1386 Α
1040 1305 1043 1312 ’

143 1412 255 1477 Abire:
278 1412 340 1478 abl.
356 1414 406 1493 63,
422 1414 463 1475 74
486 1410 533 1492 [61
557 1411 666 1475 Haase
689 1430 719 1494 p.
734 1413 793 1473 261
821 1408 861 1474 de
883 1409 979 1475 verbo
1006 1410 1155 1493 „abire“].

139 1514 297 1580 'Abluerez
319 1513 417 1579 absol.
440 1550 483 1559 —
504 1513 580 1578 Luc.
603 1511 652 1591 de,
673 1511 739 1577 dat

145 1615 329 1698 Abstinere,
351 1637 372 1682 a
394 1619 443 1698 61,
457 1618 527 1682 134.
547 1653 590 1661 -
613 1615 658 1681 Pl.
680 1635 710 1698 a,
732 1620 791 1681 obl.

146 1718 323 1786 Abvolare:
346 1722 396 1800 66,
411 1720 451 1782 35
475 1718 512 1783 61·
535 1718 705 1784 Advolare.

145 1821 294 1888 Auferre:
316 1842 365 1905 ex,
394 1820 459 1887 dat.
480 1822 627 1886 incomm.
650 1824 717 1904 68³,
729 1822 779 1886 26.
803 1825 871 1902 101,
887 1824 915 1887 5.
945 1857 987 1868 —
1017 1822 1107 1888 Luc:
1129 1843 1179 1906 ex,
1200 1823 1264 1891 dat.

349 1961 393 1971 -
414 1924 461 1988 Pl.
483 1945 512 2007 6,
534 1946 581 2006 cx,
604 1922 669 1988 dat.

145 2027 309 2092 Avellere:
332 2026 395 2092 abl.
410 2029 460 2104 62,
476 2029 526 2091 21.
548 2063 590 2072 -
612 2027 720 2091 Lucu:
743 2044 773 2108 a,
796 2026 859 2093 abl.

148 2131 313 2195 Avertere:
336 2128 401 2195 dat.
422 2130 474 2194 vel
497 2129 558 2195 abl.
581 2128 625 2214 (2)
649 2132 699 2212 64,
715 2134 744 2192 5.
767 2131 837 2195 466.
860 2165 902 2176 -
924 2130 1028 2196 Luca:
1051 2130 1114 2196 abl.
1136 2131 1197 2197 ΡΙ.;
1220 2153 1251 2197 6.

146 2232 324 2298 Antistare:
347 2232 411 2297 dat.
436 2235 463 2314 9,
480 2234 508 2296 2.

145 2334 315 2401 Accidere:
337 2334 518 2418 (161661.
542 2338 624 2418 74,3
655 2335 740 2419 (cum
762 2333 906 2400 notione:
929 2336 1054 2417 treffen,
1076 2338 1267 2421 custossen).

348 2475 392 2486 -
413 2438 518 2505 Lucra
541 2439 582 2519 in,
605 2437 659 2516 ad,
681 2437 746 2501 dat.
769 2436 851 2522 (666.
866 2437 903 2518 V,
919 2439 1004 2522 667).
1027 2435 1089 2525 [ef.
1108 2441 1266 2522 llraeger:

349 2526 437 2625 apud
460 2541 628 2606 classicos:
657 2539 716 2622 ad,
742 2539 830 2624 apud
852 2541 974 2625 priscos
997 2541 1183 2624 scriptores:
1214 2542 1267 2607 ad.

350 2641 414 2707 dat.
437 2663 467 2728 p.
483 2643 566 2724 377].

147 2745 374 2828 Acquiescere:
396 2748 445 2826 31,
464 2750 501 2809 10
524 2745 606 2811 lecto
622 2745 836 2828 acquiescere.
858 2782 900 2791 -
924 2745 983 2826 [cf.
998 2746 1154 2829 Draeger:
1178 2747 1266 2833 apud

351 2847 515 2914 classicos:
537 2848 570 2913 in
586 2868 613 2914 6.
627 2847 697 2931 661,
719 2848 797 2931 dat.;
813 2884 856 2895 —
871 2847 935 2913 abl.
949 2848 1036 2913 instr.
1052 2849 1266 2917 166660166-

350 2951 437 3016 ronis
459 2949 677 3036 temporibus].

146 3053 289 3120 Addere:
312 3053 356 3118 ad
378 3056 428 3137 23,
445 3056 483 3118 18
506 3052 571 3121 dat.
590 3056 640 3136 66,
656 3056 703 3117 36.
726 3089 770 3100 -
792 3053 885 3118 Lucr.
908 3052 972 3118 dat.
995 3091 1037 3100 —
1059 3055 1105 3119 Pl.
1127 3054 1179 3132 ad,
1202 3055 1268 3120 dat.

125 3157 128 3161 ’
352 3157 515 3240 [Draeger.
536 3178 566 3241 p.
581 3160 659 3222 421:
683 3157 810 3222 Cicero:
833 3154 884 3236 ad,
906 3177 993 3221 raro:
1016 3156 1057 3239 in,
1080 3156 1157 3238 dat].

146 3259 286 3325 Adesse:
308 3259 365 3325 dat
387 3262 437 3343 64,
452 3261 523 3324 336.
551 3263 595 3305 ’-
624 3260 730 3324 Lucu:
753 3257 818 3323 dat.
848 3295 890 3302 -
917 3258 977 3322 Pl:
1000 3258 1051 3341 ad,
1073 3259 1115 3342 in,
1137 3265 1201 3323 dut.
1223 3296 1268 3308 —

352 3361 528 3444 [Draegcra
558 3361 661 3425 Plaut.
689 3360 799 3424 etiam:
834 3360 929 3443 aqud,
962 3359 1026 3426 cic.
1047 3368 1163 3426 tatum:
1190 3361 1265 3444 dat]

147 3464 261 3530 Adire:
284 3483 350 3530 acc.
371 3501 413 3510 -
436 3464 510 3527 Luc.
534 3483 600 3529 acc.
623 3499 663 3509 -
686 3461 894 3546 Pladasa
920 3463 979 3546 [61.
994 3464 1138 3548 Draeger
1159 3484 1189 3548 p.
1205 3467 1265 3528 377

351 3587 380 3651 p.
395 3568 480 3647 469).

146 3669 311 3735 Adimcre:
334 3668 398 3734 dat
421 3667 454 3752 (6
477 3666 545 3748 684),
562 3671 601 3731 53
625 3686 665 3733 ex
688 3667 872 3751 conjectura
895 3666 1105 3753 Baehrensii).

147 3771 340 3839 Admovere:
364 3771 429 3836 dat.
446 3775 474 3853 2,
490 3774 518 3834 3.
541 3807 581 3816 -
605 3771 698 3836 Lucr.
719 3770 771 3836 ad.
795 3807 836 3816 -
858 3770 921 3835 ΡΙ.;
945 3770 1009 3835 dat.

148 3873 322 3940 Advenire:
344 3875 408 3940 dat.
424 3894 536 3939 comm.
548 3877 598 3953 61,
614 3876 663 3937 37.
677 3873 718 3939 de
737 3873 816 3952 „ad“
836 3872 874 3938 61.
894 3877 963 3956 161,
978 3877 1005 3937 2.
1028 3911 1071 3920 -
1086 3875 1191 3940 Luca:
1214 3874 1268 3942 ad.

351 4013 392 4022 —
414 3985 462 4059 od,
484 3984 516 4042 io
538 3975 641 4061 (apud
664 3976 787 4061 priscos
815 3975 999 4061 scriptores)
1028 3984 1087 4042 dut.
1115 3974 1269 4061 (ethicus,

147 4078 324 4144 Advolare:
346 4099 410 4144 acc.
426 4083 476 4161 66,
491 4083 541 4145 55.
563 4117 604 4125 -
626 4080 718 4144 Lucr.
740 4078 792 4144 ad.
815 4115 856 4123 —-
880 4076 987 4163 [Apud
1014 4078 1164 4144 classicos
1194 4078 1268 4144 scri·

351 4188 475 4266 ptores:
498 4182 555 4267 ad,
584 4183 624 4247 in.
671 4181 782 4246 Cicero
814 4179 928 4246 semel:
960 4199 1023 4245 acc.
1054 4178 1110 4265 (ad
1132 4181 1264 4262 Auicl,

354 4288 401 4366 14,
417 4285 472 4368 5)).
