2828 4762
1239 317 1275 377 11

149 554 152 561 .
240 488 312 556 [Π.
336 489 472 572 Prope:
501 487 703 572 Praepositio
727 509 830 568 prope
857 506 929 551 cum
955 485 1017 551 loci
1040 485 1169 551 notione
1191 505 1280 549 usur·

156 598 251 676 patnr
279 612 301 657 a
331 590 460 657 6616116
488 611 547 675 pro
576 596 620 657 ad
648 591 700 655 vel
728 595 830 671 apud,
859 588 892 654 id
915 588 1001 670 quod
1023 587 1194 655 Germanis
1215 593 1280 653 est:

156 694 268 773 neben,
289 693 445 775 nabeboi,
465 693 660 759 contrarium
682 700 730 759 est
746 701 869 774 procat.

240 797 389 877 XXXIV,
413 801 430 861 7
454 794 557 875 Quam
580 801 684 861 mater
706 815 806 879 prope
827 793 955 861 Deliam
977 793 1137 878 deposivit
1159 792 1279 858 olivam

156 899 280 982 LXIII,
303 899 343 963 88
374 918 476 984 prope
505 918 666 964 marmora
695 896 811 982 pelagi
859 894 1027 978 LXVlllb,
1049 897 1091 959 68
1112 915 1176 960 666
1197 893 1280 960 inter

156 1008 233 1068 nota
255 1001 411 1086 sepulcra,
432 1021 491 1068 nec
510 1020 608 1086 prope
623 1006 777 1084 cognatos
792 999 1011 1084 compositum.
1054 996 1222 1081 LXVllIb,
1236 999 1279 1062 69

156 1103 320 1169 Pheneum
342 1124 442 1188 prope
466 1104 653 1190 Cylleneum
674 1141 716 1151 —
739 1103 851 1169 solum.

241 1206 438 1273 Adrerbium
466 1227 525 1291 pro
550 1215 621 1290 scre
649 1208 750 1272 semel
777 1211 843 1272 est:
865 1204 982 1288 LXIV,
1007 1207 1064 1270 167
1089 1205 1148 1269 1116
1170 1209 1278 1285 artem

156 1328 256 1394 prope
277 1307 342 1374 iam
365 1308 481 1375 mediis
503 1316 650 1376 versatur
670 1309 705 1374 in
726 1309 832 1374 undis

240 1412 333 1481 1111.
355 1413 535 1496 Propior:
556 1412 643 1478 Idem
659 1404 845 1496 sifgnificans
860 1412 946 1494 quod
956 1433 1059 1492 prope
1074 1409 1174 1475 semel
1189 1429 1278 1492 prae-

156 1515 323 1600 positionis
338 1520 500 1599 potestate
514 1514 601 1598 apud
619 1513 779 1580 Catullum
795 1513 927 1597 legitur:
942 1514 1056 1597 LXIV,
1072 1516 1129 1577 281
1149 1518 1279 1598 propter

155 1616 296 1683 fluminis
318 1616 422 1683 undas
443 1637 524 1682 aura
545 1617 631 1702 parit
653 1616 762 1682 flores:
783 1616 886 1683 neben
908 1624 968 1682 etc.
1320 1605 1324 1613 ’

241 1719 293 1784 Ad
314 1717 558 1803 significandam
576 1739 709 1785 causam
728 1726 825 1804 poeta
848 1739 907 1784 nec
926 1731 1059 1802 propter
1081 1738 1139 1783 neo
1162 1722 1198 1782 66
1221 1737 1280 1782 666

156 1843 250 1888 caasa
272 1819 417 1889 adhibet,
455 1822 575 1906 xlv,n
595 1841 744 1901 „munere
762 1821 823 1888 isto
847 1830 878 1888 te
900 1821 1057 1886 odissem‘
1083 1819 1280 1902 germanice:

155 1923 205 1988 thr
235 1923 312 1989 oder
341 1943 454 2008 wegen
484 1924 514 1989 d.
536 1923 573 1990 G.
618 1926 791 1990 Praeterea
821 1925 863 1990 cf.
885 1925 975 2005 LXI,
995 1927 1063 1988 110.
1088 1922 1213 2006 XXXI,
1232 1925 1279 1989 11.

155 2025 269 2104 XCVI,
284 2027 312 2093 6.
334 2027 406 2110 XX,
420 2030 468 2092 17.
510 2027 559 2091 De
574 2047 634 2092 usu
652 2025 787 2092 ablativi
801 2047 859 2110 pro
875 2023 1113 2111 praepositione
1132 2024 1208 2104 ,ob“
1227 2023 1277 2089 vel

153 2129 318 2223 „propter“
339 2127 377 2193 cf.
399 2129 510 2195 Haase
532 2128 669 2195 Vorloss
692 2149 723 2213 p.
744 2132 812 2195 180.

240 2230 281 2297 V.
300 2231 429 2299 quta:
444 2231 557 2313 LXVI,
573 2234 614 2295 66
630 2230 698 2299 cod
717 2233 741 2296 V
757 2229 898 2318 (Baebi.)
908 2238 1008 2312 jacca
1023 2239 1156 2298 licaonia
1171 2230 1279 2313 babet,

154 2331 244 2399 cuius
281 2335 473 2400 auctoritate
511 2335 660 2401 commoti
692 2333 936 2401 Lachmannus:
966 2340 1063 2416 jacta
1093 2341 1279 2416 Lycaonida,

155 2433 389 2522 Rossbachius,
416 2436 548 2503 lillisius
570 2445 667 2519 jacta
688 2445 875 2522 Lycaoniam
900 2438 1071 2522 legendum
1093 2457 1164 2503 6666
1186 2443 1278 2522 puta-

155 2544 275 2604 verunt.
320 2539 385 2605 Sed
406 2539 494 2606 baud
517 2541 583 2607 sico
606 2561 647 2606 an
670 2561 734 2607 non
756 2547 866 2607 contra
887 2541 1006 2606 codicis
1021 2540 1189 2606 lectionem
1205 2560 1277 2605 eum

155 2641 293 2724 Heysio,
327 2639 497 2707 Schwabic
538 2641 714 2724 ceterisque
752 2642 927 2708 editoribus
965 2643 1080 2708 melius
1120 2642 1279 2708 scribatur

149 2748 263 2822 jnncta
277 2749 451 2824 Lycaoniae
472 2763 513 2810 ex
528 2744 681 2812 Partheni
705 2743 898 2830 conjectura,
919 2745 974 2828 qui
989 2745 1035 2810 ita
1050 2744 1143 2810 metri
1159 2744 1277 2809 rationi

154 2863 335 2911 succurrere
365 2844 493 2913 studuit.
545 2847 631 2913 Nam
654 2852 710 2913 aut
732 2848 904 2914 dicendum
926 2854 975 2915 est
998 2848 1159 2914 Catullum
1184 2848 1278 2912 corri-

154 2946 263 3032 puisse
285 2946 432 3013 ultimam
455 2949 616 3036 syllabam
640 2950 672 3015 in
689 2954 804 3032 juata:
833 2949 890 3016 sed
912 2951 993 3017 talis
1010 2952 1166 3035 correptio
1189 2950 1277 3035 aptis

153 3048 309 3134 exemplis
331 3051 534 3134 comprobari
555 3073 618 3117 nou
642 3059 755 3138 potest,
776 3073 851 3118 nam
874 3053 971 3119 simili
985 3054 1082 3119 modo
1096 3058 1277 3137 correptum

152 3154 298 3235 ,666116α
318 3153 415 3218 Ennii
437 3154 524 3239 apud
547 3154 637 3222 Varr.
659 3156 695 3221 L.
707 3157 741 3221 L.
757 3156 831 3236 VII,
851 3157 888 3219 12
915 3156 1002 3239 quod
1023 3155 1156 3222 Ellisius
1182 3156 1277 3221 affert

153 3254 209 3317 vix
230 3262 339 3319 nostro
368 3255 437 3322 loco
460 3265 682 3341 argumentum
704 3277 776 3325 6666
798 3259 929 3343 poterit;
956 3265 1012 3324 aut
1033 3259 1114 3324 lenis
1135 3256 1277 3324 incunda

153 3361 202 3421 661
223 3357 416 3425 emendandi
438 3361 528 3428 ratio.
578 3361 790 3428 Leuissimum
812 3367 920 3440 autem
943 3367 1021 3446 puto
1036 3361 1078 3445 id,
1098 3360 1277 3444 qoodPar·

58 3463 63 3469 ’
153 3456 281 3525 thonius
309 3461 454 3545 conjecit
506 3462 553 3528 cf.
576 3462 681 3529 Ellisii
709 3464 759 3532 ed
780 3464 823 3530 ad
846 3464 880 3530 6.
903 3484 928 3531 6.
944 3465 990 3551 X,
1009 3467 1050 3529 16
1073 3471 1106 3532 61
1127 3463 1277 3530 adhunc

153 3578 280 3627 neroum
300 3567 534 3632 annotationes.

237 3671 342 3732 lactc.
356 3667 398 3733 de
421 3668 604 3753 conjectura
625 3669 766 3755 Heysius
789 3670 932 3755 scripsit:
955 3669 1050 3756 CXV,
1069 3675 1082 3734 1
1108 3670 1162 3736 ubi
1184 3668 1276 3736 codd.

153 3775 231 3834 aar
259 3769 312 3836 vel
338 3778 441 3838 instar
469 3772 640 3857 praebent,
670 3792 767 3858 quam
797 3774 838 3839 ob
868 3792 935 3840 rem
966 3773 1111 3860 plerique
1137 3773 1277 3840 editores

154 3875 252 3937 antor
278 3880 483 3958 receperunt,
517 3875 575 3940 alii
604 3875 849 3962 (Rossbachius,
884 3876 1087 3960 Schwabius)
1117 3876 1275 3943 bluretum

154 3972 254 4036 secuti
275 3987 382 4043 noster
402 3978 606 4063 scripserunt.

237 4075 300 4143 VI.
322 4077 491 4148 Praeter:
516 4083 717 4167 Praepositio
742 4094 918 4165 praetera
947 4083 1075 4150 Catullo
1104 4080 1146 4148 de
1173 4080 1275 4166 digni·

151 4183 220 4243 tate
240 4183 367 4245 tantum
388 4181 440 4247 vel
462 4185 664 4267 praestantia
684 4193 863 4272 usurpatur.

237 4281 405 4366 XXXVII,
423 4287 460 4347 17
477 4292 606 4372 praeter
620 4308 731 4356 omncs
745 4308 808 4356 une
822 4289 863 4357 do
875 4287 1047 4375 capillatia
1090 4288 1275 4373 Draegerus
