<?xml version="1.0" encoding="UTF-8"?>
<!DOCTYPE html PUBLIC "-//W3C//DTD XHTML 1.0 Transitional//EN"
    "http://www.w3.org/TR/xhtml1/DTD/xhtml1-transitional.dtd">
<html xmlns="http://www.w3.org/1999/xhtml" xml:lang="en" lang="en">
 <head>
  <title>
</title>
<meta http-equiv="Content-Type" content="text/html;charset=utf-8" />
  <meta name='ocr-system' content='tesseract 3.04.00' />
  <meta name='ocr-capabilities' content='ocr_page ocr_carea ocr_par ocr_line ocrx_word'/>
</head>
<body>
  <div class='ocr_page' id='page_1' title='image "./departicularumu00dudegoog_0043.png"; bbox 0 0 2828 4762; ppageno 0'>
   <div class='ocr_carea' id='block_1_1' title="bbox 141 251 182 314">
    <p class='ocr_par' dir='ltr' id='par_1_1' title="bbox 141 251 182 314">
     <span class='ocr_line' id='line_1_1' title="bbox 141 251 182 314; baseline 0.049 -2"><span class='ocrx_word' id='word_1_1' title='bbox 141 251 182 314; x_wconf 87' lang='grc'><strong>38</strong></span> 
     </span>
    </p>
   </div>
   <div class='ocr_carea' id='block_1_2' title="bbox 141 420 1270 609">
    <p class='ocr_par' dir='ltr' id='par_1_2' title="bbox 141 420 1270 609">
     <span class='ocr_line' id='line_1_2' title="bbox 141 420 1269 512; baseline 0.006 -26"><span class='ocrx_word' id='word_1_2' title='bbox 141 427 295 505; x_wconf 76' lang='lat' dir='ltr'><strong>superest.</strong></span> <span class='ocrx_word' id='word_1_3' title='bbox 331 420 475 499; x_wconf 81' lang='lat' dir='ltr'><strong>Quodsi</strong></span> <span class='ocrx_word' id='word_1_4' title='bbox 500 423 756 490; x_wconf 79' lang='lat' dir='ltr'><strong>emendationem</strong></span> <span class='ocrx_word' id='word_1_5' title='bbox 780 424 918 490; x_wconf 87' lang='lat' dir='ltr'><strong>illumin</strong></span> <span class='ocrx_word' id='word_1_6' title='bbox 939 430 1061 491; x_wconf 81' lang='lat' dir='ltr'><strong>textum</strong></span> <span class='ocrx_word' id='word_1_7' title='bbox 1086 424 1269 512; x_wconf 82' lang='lat' dir='ltr'><strong>recipimus,</strong></span> 
     </span>
     <span class='ocr_line' id='line_1_3' title="bbox 142 524 1270 609; baseline 0.007 -21"><span class='ocrx_word' id='word_1_8' title='bbox 142 524 249 589; x_wconf 90' lang='lat' dir='ltr'><strong>sensui</strong></span> <span class='ocrx_word' id='word_1_9' title='bbox 273 524 360 589; x_wconf 92' lang='lat' dir='ltr'><strong>omni</strong></span> <span class='ocrx_word' id='word_1_10' title='bbox 382 544 422 590; x_wconf 86' lang='lat' dir='ltr'><strong>ex</strong></span> <span class='ocrx_word' id='word_1_11' title='bbox 444 533 536 609; x_wconf 90' lang='lat' dir='ltr'><strong>parte</strong></span> <span class='ocrx_word' id='word_1_12' title='bbox 559 526 761 593; x_wconf 76' lang='lat' dir='ltr'><strong>satisfactum</strong></span> <span class='ocrx_word' id='word_1_13' title='bbox 783 548 855 594; x_wconf 92' lang='lat' dir='ltr'><strong>esse</strong></span> <span class='ocrx_word' id='word_1_14' title='bbox 877 528 1012 594; x_wconf 83' lang='lat' dir='ltr'><strong>videtur.</strong></span> <span class='ocrx_word' id='word_1_15' title='bbox 1057 528 1207 595; x_wconf 77' lang='lat' dir='ltr'><strong>Ceterum</strong></span> <span class='ocrx_word' id='word_1_16' title='bbox 1227 528 1270 596; x_wconf 85' lang='lat' dir='ltr'><strong>oi.</strong></span> 
     </span>
    </p>
   </div>
   <div class='ocr_carea' id='block_1_3' title="bbox 143 624 1272 1023">
    <p class='ocr_par' dir='ltr' id='par_1_3' title="bbox 143 624 1270 800">
     <span class='ocr_line' id='line_1_4' title="bbox 144 624 1270 717; baseline 0.006 -28"><span class='ocrx_word' id='word_1_17' title='bbox 144 624 226 690; x_wconf 86' lang='lat' dir='ltr'><strong>Oiris</strong></span> <span class='ocrx_word' id='word_1_18' title='bbox 255 647 283 691; x_wconf 85' lang='lat' dir='ltr'><strong>v.</strong></span> <span class='ocrx_word' id='word_1_19' title='bbox 307 629 386 694; x_wconf 82' lang='lat'><strong>284:</strong></span> <span class='ocrx_word' id='word_1_20' title='bbox 415 626 564 712; x_wconf 88' lang='lat' dir='ltr'><strong>„inoanos</strong></span> <span class='ocrx_word' id='word_1_21' title='bbox 586 629 686 694; x_wconf 90' lang='lat' dir='ltr'><strong>multo</strong></span> <span class='ocrx_word' id='word_1_22' title='bbox 716 628 864 715; x_wconf 89' lang='lat' dir='ltr'><strong>deturpat</strong></span> <span class='ocrx_word' id='word_1_23' title='bbox 891 631 1024 717; x_wconf 86' lang='lat' dir='ltr'><strong>pulvere</strong></span> <span class='ocrx_word' id='word_1_24' title='bbox 1045 631 1174 716; x_wconf 88' lang='lat' dir='ltr'><strong>erines“,</strong></span> <span class='ocrx_word' id='word_1_25' title='bbox 1210 632 1270 715; x_wconf 89' lang='lat' dir='ltr'><strong>qui</strong></span> 
     </span>
     <span class='ocr_line' id='line_1_5' title="bbox 143 728 1111 800; baseline 0.006 -7"><span class='ocrx_word' id='word_1_26' title='bbox 143 748 256 795; x_wconf 86' lang='lat' dir='ltr'><strong>versus</strong></span> <span class='ocrx_word' id='word_1_27' title='bbox 278 728 414 796; x_wconf 83' lang='lat' dir='ltr'><strong>fortasse</strong></span> <span class='ocrx_word' id='word_1_28' title='bbox 436 729 479 794; x_wconf 90' lang='lat' dir='ltr'><strong>ad</strong></span> <span class='ocrx_word' id='word_1_29' title='bbox 501 737 643 796; x_wconf 88' lang='lat' dir='ltr'><strong>nostrum</strong></span> <span class='ocrx_word' id='word_1_30' title='bbox 666 751 793 798; x_wconf 88' lang='lat' dir='ltr'><strong>versum</strong></span> <span class='ocrx_word' id='word_1_31' title='bbox 817 735 878 797; x_wconf 85' lang='lat'><strong>350</strong></span> <span class='ocrx_word' id='word_1_32' title='bbox 904 732 1111 800; x_wconf 74' lang='lat' dir='ltr'><strong>formabatur.</strong></span> 
     </span>
    </p>

    <p class='ocr_par' dir='ltr' id='par_1_4' title="bbox 232 832 924 920">
     <span class='ocr_line' id='line_1_6' title="bbox 232 832 924 920; baseline 0.01 -26"><span class='ocrx_word' id='word_1_33' title='bbox 232 835 278 898; x_wconf 86' lang='lat' dir='ltr'><strong>lo.</strong></span> <span class='ocrx_word' id='word_1_34' title='bbox 311 832 427 898; x_wconf 87' lang='lat' dir='ltr'><strong>Modus</strong></span> <span class='ocrx_word' id='word_1_35' title='bbox 450 833 567 917; x_wconf 86' lang='lat' dir='ltr'><strong>agendi</strong></span> <span class='ocrx_word' id='word_1_36' title='bbox 591 834 725 918; x_wconf 88' lang='lat' dir='ltr'><strong>eogitari</strong></span> <span class='ocrx_word' id='word_1_37' title='bbox 747 839 853 920; x_wconf 89' lang='lat' dir='ltr'><strong>potest</strong></span> <span class='ocrx_word' id='word_1_38' title='bbox 875 834 924 901; x_wconf 88' lang='lat' dir='ltr'><strong>in:</strong></span> 
     </span>
    </p>

    <p class='ocr_par' dir='ltr' id='par_1_5' title="bbox 230 936 1272 1023">
     <span class='ocr_line' id='line_1_7' title="bbox 230 936 1272 1023; baseline 0.005 -24"><span class='ocrx_word' id='word_1_39' title='bbox 230 955 255 1001; x_wconf 89' lang='lat' dir='ltr'><strong>o.</strong></span> <span class='ocrx_word' id='word_1_40' title='bbox 271 936 450 1023; x_wconf 83' lang='lat' dir='ltr'><strong>xovl11,r</strong></span> <span class='ocrx_word' id='word_1_41' title='bbox 476 937 515 1001; x_wconf 92' lang='lat' dir='ltr'><strong>In</strong></span> <span class='ocrx_word' id='word_1_42' title='bbox 544 943 576 1003; x_wconf 90' lang='lat' dir='ltr'><strong>te</strong></span> <span class='ocrx_word' id='word_1_43' title='bbox 599 936 625 1002; x_wconf 92' lang='lat' dir='ltr'><strong>si</strong></span> <span class='ocrx_word' id='word_1_44' title='bbox 648 938 682 1001; x_wconf 91' lang='lat' dir='ltr'><strong>in</strong></span> <span class='ocrx_word' id='word_1_45' title='bbox 709 957 901 1021; x_wconf 85' lang='lat' dir='ltr'><strong>quemquam</strong></span> <span class='ocrx_word' id='word_1_46' title='bbox 929 937 992 1005; x_wconf 87' lang='lat' dir='ltr'><strong>diei</strong></span> <span class='ocrx_word' id='word_1_47' title='bbox 1022 944 1097 1023; x_wconf 93' lang='lat' dir='ltr'><strong>pote</strong></span> <span class='ocrx_word' id='word_1_48' title='bbox 1117 939 1179 1004; x_wconf 80' lang='lat' dir='ltr'><strong>ie.</strong></span> <span class='ocrx_word' id='word_1_49' title='bbox 1202 959 1272 1005; x_wconf 92' lang='lat' dir='ltr'><strong>non</strong></span> 
     </span>
    </p>
   </div>
   <div class='ocr_carea' id='block_1_4' title="bbox 55 1039 1368 4313">
    <p class='ocr_par' dir='ltr' id='par_1_6' title="bbox 55 1039 1272 1333">
     <span class='ocr_line' id='line_1_8' title="bbox 146 1039 1272 1125; baseline 0.004 -23"><span class='ocrx_word' id='word_1_50' title='bbox 146 1043 255 1104; x_wconf 87' lang='lat' dir='ltr'><strong>eontra</strong></span> <span class='ocrx_word' id='word_1_51' title='bbox 286 1044 317 1105; x_wconf 88' lang='lat' dir='ltr'><strong>te</strong></span> <span class='ocrx_word' id='word_1_52' title='bbox 346 1039 420 1105; x_wconf 86' lang='lat' dir='ltr'><strong>sed:</strong></span> <span class='ocrx_word' id='word_1_53' title='bbox 449 1039 481 1105; x_wconf 92' lang='lat' dir='ltr'><strong>in</strong></span> <span class='ocrx_word' id='word_1_54' title='bbox 505 1041 663 1106; x_wconf 86' lang='lat' dir='ltr'><strong>neminem</strong></span> <span class='ocrx_word' id='word_1_55' title='bbox 687 1041 804 1125; x_wconf 87' lang='lat' dir='ltr'><strong>magis,</strong></span> <span class='ocrx_word' id='word_1_56' title='bbox 834 1060 931 1124; x_wconf 92' lang='lat' dir='ltr'><strong>quam</strong></span> <span class='ocrx_word' id='word_1_57' title='bbox 955 1041 988 1105; x_wconf 91' lang='lat' dir='ltr'><strong>in</strong></span> <span class='ocrx_word' id='word_1_58' title='bbox 1014 1045 1047 1106; x_wconf 92' lang='lat' dir='ltr'><strong>te</strong></span> <span class='ocrx_word' id='word_1_59' title='bbox 1069 1040 1157 1107; x_wconf 86' lang='lat' dir='ltr'><strong>eadit</strong></span> <span class='ocrx_word' id='word_1_60' title='bbox 1177 1041 1272 1124; x_wconf 91' lang='lat' dir='ltr'><strong>illud,</strong></span> 
     </span>
     <span class='ocr_line' id='line_1_9' title="bbox 55 1141 1272 1243; baseline 0.004 -39"><span class='ocrx_word' id='word_1_61' title='bbox 55 1214 68 1243; x_wconf 29' lang='lat' dir='ltr'>x</span> <span class='ocrx_word' id='word_1_62' title='bbox 146 1141 240 1224; x_wconf 92' lang='lat' dir='ltr'><strong>quod.</strong></span> <span class='ocrx_word' id='word_1_63' title='bbox 275 1142 362 1226; x_wconf 88' lang='lat' dir='ltr'>LXI,</span> <span class='ocrx_word' id='word_1_64' title='bbox 377 1145 417 1207; x_wconf 85' lang='grc'><strong>38</strong></span> <span class='ocrx_word' id='word_1_65' title='bbox 433 1143 466 1206; x_wconf 90' lang='lat' dir='ltr'><strong>in</strong></span> <span class='ocrx_word' id='word_1_66' title='bbox 481 1143 609 1208; x_wconf 92' lang='lat' dir='ltr'><strong>modum</strong></span> <span class='ocrx_word' id='word_1_67' title='bbox 625 1142 721 1209; x_wconf 87' lang='lat' dir='ltr'><strong>dieite</strong></span> <span class='ocrx_word' id='word_1_68' title='bbox 743 1143 830 1227; x_wconf 87' lang='lat' dir='ltr'>LXI,</span> <span class='ocrx_word' id='word_1_69' title='bbox 844 1147 902 1208; x_wconf 85' lang='lat'><strong>116</strong></span> <span class='ocrx_word' id='word_1_70' title='bbox 918 1141 1122 1209; x_wconf 87' lang='lat' dir='ltr'><strong>eonoiuitein</strong></span> <span class='ocrx_word' id='word_1_71' title='bbox 1137 1143 1272 1209; x_wconf 90' lang='lat' dir='ltr'><strong>modum</strong></span> 
     </span>
     <span class='ocr_line' id='line_1_10' title="bbox 146 1244 1121 1333; baseline 0.001 -23"><span class='ocrx_word' id='word_1_72' title='bbox 146 1246 165 1310; x_wconf 93' lang='lat' dir='ltr'><strong>i.</strong></span> <span class='ocrx_word' id='word_1_73' title='bbox 181 1264 208 1310; x_wconf 86' lang='lat' dir='ltr'><strong>e.</strong></span> <span class='ocrx_word' id='word_1_74' title='bbox 231 1244 273 1309; x_wconf 88' lang='lat' dir='ltr'><strong>ad</strong></span> <span class='ocrx_word' id='word_1_75' title='bbox 296 1263 444 1310; x_wconf 90' lang='lat' dir='ltr'><strong>numeros</strong></span> <span class='ocrx_word' id='word_1_76' title='bbox 465 1250 497 1311; x_wconf 87' lang='lat' dir='ltr'><strong>et</strong></span> <span class='ocrx_word' id='word_1_77' title='bbox 519 1245 701 1333; x_wconf 83' lang='lat' dir='ltr'><strong>rhythmum</strong></span> <span class='ocrx_word' id='word_1_78' title='bbox 725 1247 848 1312; x_wconf 89' lang='lat' dir='ltr'><strong>oanite:</strong></span> <span class='ocrx_word' id='word_1_79' title='bbox 871 1245 961 1330; x_wconf 86' lang='lat' dir='ltr'><strong>naoh,</strong></span> <span class='ocrx_word' id='word_1_80' title='bbox 983 1253 1121 1330; x_wconf 76' lang='lat' dir='ltr'><strong>gemass.</strong></span> 
     </span>
    </p>

    <p class='ocr_par' dir='ltr' id='par_1_7' title="bbox 147 1345 1273 1639">
     <span class='ocr_line' id='line_1_11' title="bbox 235 1345 1273 1439; baseline 0.004 -30"><span class='ocrx_word' id='word_1_81' title='bbox 235 1350 283 1412; x_wconf 94' lang='grc'>11.</span> <span class='ocrx_word' id='word_1_82' title='bbox 326 1347 495 1433; x_wconf 79' lang='lat' dir='ltr'><strong>Temporis</strong></span> <span class='ocrx_word' id='word_1_83' title='bbox 525 1348 608 1414; x_wconf 88' lang='lat' dir='ltr'><strong>ratio</strong></span> <span class='ocrx_word' id='word_1_84' title='bbox 640 1350 832 1439; x_wconf 79' lang='lat' dir='ltr'><strong>transfertur</strong></span> <span class='ocrx_word' id='word_1_85' title='bbox 867 1348 912 1414; x_wconf 87' lang='lat' dir='ltr'><strong>ad</strong></span> <span class='ocrx_word' id='word_1_86' title='bbox 942 1367 1100 1416; x_wconf 91' lang='lat' dir='ltr'><strong>numeros.</strong></span> <span class='ocrx_word' id='word_1_87' title='bbox 1154 1345 1273 1414; x_wconf 88' lang='lat' dir='ltr'><strong>Distri-</strong></span> 
     </span>
     <span class='ocr_line' id='line_1_12' title="bbox 147 1449 1273 1537; baseline 0.001 -22"><span class='ocrx_word' id='word_1_88' title='bbox 147 1449 286 1515; x_wconf 88' lang='lat' dir='ltr'><strong>butionis</strong></span> <span class='ocrx_word' id='word_1_89' title='bbox 308 1449 498 1534; x_wconf 86' lang='lat' dir='ltr'><strong>signifieatio</strong></span> <span class='ocrx_word' id='word_1_90' title='bbox 528 1452 666 1518; x_wconf 86' lang='lat' dir='ltr'><strong>inest&#39;in</strong></span> <span class='ocrx_word' id='word_1_91' title='bbox 689 1473 721 1531; x_wconf 72' lang='lat' dir='ltr'><strong>¹(a</strong></span> <span class='ocrx_word' id='word_1_92' title='bbox 737 1452 856 1537; x_wconf 85' lang='lat' dir='ltr'>CXIII,</span> <span class='ocrx_word' id='word_1_93' title='bbox 872 1454 904 1517; x_wconf 86' lang='lat'><strong>3:</strong></span> <span class='ocrx_word' id='word_1_94' title='bbox 926 1457 1094 1517; x_wconf 79' lang='lat' dir='ltr'><strong>creverunt</strong></span> <span class='ocrx_word' id='word_1_95' title='bbox 1116 1449 1207 1516; x_wconf 87' lang='lat' dir='ltr'><strong>milia</strong></span> <span class='ocrx_word' id='word_1_96' title='bbox 1237 1451 1273 1516; x_wconf 92' lang='lat' dir='ltr'><strong>in</strong></span> 
     </span>
     <span class='ocr_line' id='line_1_13' title="bbox 148 1546 1002 1639; baseline 0.002 -22"><span class='ocrx_word' id='word_1_97' title='bbox 148 1572 255 1619; x_wconf 90' lang='lat' dir='ltr'><strong>unum.</strong></span> <span class='ocrx_word' id='word_1_98' title='bbox 299 1553 415 1619; x_wconf 80' lang='lat' dir='ltr'><strong>Graeei</strong></span> <span class='ocrx_word' id='word_1_99' title='bbox 437 1554 560 1620; x_wconf 89' lang='lat' dir='ltr'><strong>dieunt:</strong></span> <span class='ocrx_word' id='word_1_100' title='bbox 583 1553 638 1636; x_wconf 82' lang='grc' dir='ltr'><strong><em>εἰς,</em></strong></span> <span class='ocrx_word' id='word_1_101' title='bbox 661 1546 757 1635; x_wconf 81' lang='grc' dir='ltr'><strong><em>κατὰ,</em></strong></span> <span class='ocrx_word' id='word_1_102' title='bbox 780 1574 852 1620; x_wconf 86' lang='lat' dir='ltr'><strong>nos:</strong></span> <span class='ocrx_word' id='word_1_103' title='bbox 874 1555 917 1639; x_wconf 91' lang='lat' dir='ltr'><strong>in,</strong></span> <span class='ocrx_word' id='word_1_104' title='bbox 938 1555 1002 1620; x_wconf 86' lang='lat' dir='ltr'><strong>aui.</strong></span> 
     </span>
    </p>

    <p class='ocr_par' dir='ltr' id='par_1_8' title="bbox 149 1655 1274 1948">
     <span class='ocr_line' id='line_1_14' title="bbox 238 1655 1274 1741; baseline 0.004 -24"><span class='ocrx_word' id='word_1_105' title='bbox 238 1657 285 1722; x_wconf 83' lang='lat'><strong>12.</strong></span> <span class='ocrx_word' id='word_1_106' title='bbox 317 1656 593 1740; x_wconf 88' lang='lat' dir='ltr'><strong>Praepositionem</strong></span> <span class='ocrx_word' id='word_1_107' title='bbox 617 1665 741 1723; x_wconf 78' lang='lat' dir='ltr'><strong>irsoum</strong></span> <span class='ocrx_word' id='word_1_108' title='bbox 765 1658 948 1723; x_wconf 84' lang='lat' dir='ltr'><strong>aeeusativo</strong></span> <span class='ocrx_word' id='word_1_109' title='bbox 970 1656 1172 1741; x_wconf 87' lang='lat' dir='ltr'><strong>eonjunotam</strong></span> <span class='ocrx_word' id='word_1_110' title='bbox 1187 1655 1274 1722; x_wconf 92' lang='lat' dir='ltr'><strong>desi-</strong></span> 
     </span>
     <span class='ocr_line' id='line_1_15' title="bbox 149 1758 1274 1844; baseline 0.001 -21"><span class='ocrx_word' id='word_1_111' title='bbox 149 1759 314 1825; x_wconf 90' lang='lat' dir='ltr'><strong>deramus:</strong></span> <span class='ocrx_word' id='word_1_112' title='bbox 337 1758 453 1844; x_wconf 85' lang='lat' dir='ltr'>LXVI,</span> <span class='ocrx_word' id='word_1_113' title='bbox 468 1761 523 1825; x_wconf 84' lang='lat'><strong>68:</strong></span> <span class='ocrx_word' id='word_1_114' title='bbox 546 1759 612 1824; x_wconf 88' lang='lat' dir='ltr'><strong>alto</strong></span> <span class='ocrx_word' id='word_1_115' title='bbox 636 1761 788 1843; x_wconf 83' lang='lat' dir='ltr'><strong>mergitur</strong></span> <span class='ocrx_word' id='word_1_116' title='bbox 807 1759 943 1827; x_wconf 90' lang='lat' dir='ltr'><strong>Ooeano.</strong></span> <span class='ocrx_word' id='word_1_117' title='bbox 987 1761 1036 1826; x_wconf 91' lang='lat' dir='ltr'><strong>De</strong></span> <span class='ocrx_word' id='word_1_118' title='bbox 1058 1758 1118 1826; x_wconf 89' lang='lat' dir='ltr'><strong>hae</strong></span> <span class='ocrx_word' id='word_1_119' title='bbox 1139 1777 1174 1825; x_wconf 94' lang='lat' dir='ltr'><strong>re</strong></span> <span class='ocrx_word' id='word_1_120' title='bbox 1195 1759 1274 1824; x_wconf 88' lang='lat' dir='ltr'><strong>vide</strong></span> 
     </span>
     <span class='ocr_line' id='line_1_16' title="bbox 151 1863 699 1948; baseline 0.002 -21"><span class='ocrx_word' id='word_1_121' title='bbox 151 1864 295 1946; x_wconf 85' lang='lat' dir='ltr'><strong>Draeger</strong></span> <span class='ocrx_word' id='word_1_122' title='bbox 316 1863 355 1930; x_wconf 92' lang='lat' dir='ltr'><strong>H.</strong></span> <span class='ocrx_word' id='word_1_123' title='bbox 378 1863 441 1930; x_wconf 87' lang='lat' dir='ltr'><strong>S.I</strong></span> <span class='ocrx_word' id='word_1_124' title='bbox 463 1884 493 1948; x_wconf 89' lang='lat' dir='ltr'><strong>p.</strong></span> <span class='ocrx_word' id='word_1_125' title='bbox 510 1866 571 1927; x_wconf 80' lang='grc'><strong>552</strong></span> <span class='ocrx_word' id='word_1_126' title='bbox 594 1865 699 1946; x_wconf 68' lang='grc' dir='ltr'><strong>ξ232.</strong></span> 
     </span>
    </p>

    <p class='ocr_par' dir='ltr' id='par_1_9' title="bbox 150 1965 1275 2256">
     <span class='ocr_line' id='line_1_17' title="bbox 238 1965 1274 2052; baseline 0.001 -24"><span class='ocrx_word' id='word_1_127' title='bbox 238 1968 285 2030; x_wconf 84' lang='grc'><strong>13.</strong></span> <span class='ocrx_word' id='word_1_128' title='bbox 302 1965 397 2030; x_wconf 72' lang='lat' dir='ltr'><strong>vHaeo</strong></span> <span class='ocrx_word' id='word_1_129' title='bbox 412 1965 510 2031; x_wconf 85' lang='lat' dir='ltr'><strong>verba</strong></span> <span class='ocrx_word' id='word_1_130' title='bbox 526 1986 597 2031; x_wconf 87' lang='lat' dir='ltr'><strong>eum</strong></span> <span class='ocrx_word' id='word_1_131' title='bbox 614 1965 676 2031; x_wconf 87' lang='lat' dir='ltr'><strong>hae</strong></span> <span class='ocrx_word' id='word_1_132' title='bbox 691 1965 929 2052; x_wconf 84' lang='lat' dir='ltr'><strong>praepositIone</strong></span> <span class='ocrx_word' id='word_1_133' title='bbox 944 1965 1121 2051; x_wconf 87' lang='lat' dir='ltr'><strong>oomposita</strong></span> <span class='ocrx_word' id='word_1_134' title='bbox 1136 1983 1274 2047; x_wconf 86' lang='lat' dir='ltr'><strong>quorum</strong></span> 
     </span>
     <span class='ocr_line' id='line_1_18' title="bbox 150 2067 1275 2154; baseline 0.002 -22"><span class='ocrx_word' id='word_1_135' title='bbox 150 2067 310 2154; x_wconf 86' lang='lat' dir='ltr'><strong>simplioia</strong></span> <span class='ocrx_word' id='word_1_136' title='bbox 332 2070 539 2134; x_wconf 82' lang='lat' dir='ltr'><strong>intransitiva</strong></span> <span class='ocrx_word' id='word_1_137' title='bbox 560 2074 642 2152; x_wconf 86' lang='lat' dir='ltr'><strong>sunt,</strong></span> <span class='ocrx_word' id='word_1_138' title='bbox 664 2070 885 2134; x_wconf 85' lang='lat' dir='ltr'><strong>aoeusativum</strong></span> <span class='ocrx_word' id='word_1_139' title='bbox 907 2069 1088 2153; x_wconf 84' lang='lat' dir='ltr'><strong>postulant:</strong></span> <span class='ocrx_word' id='word_1_140' title='bbox 1113 2073 1275 2148; x_wconf 68' lang='lat' dir='ltr'><strong>ingredior</strong></span> 
     </span>
     <span class='ocr_line' id='line_1_19' title="bbox 151 2172 762 2256; baseline 0 -20"><span class='ocrx_word' id='word_1_141' title='bbox 151 2172 289 2256; x_wconf 79' lang='lat' dir='ltr'>LXIIII,</span> <span class='ocrx_word' id='word_1_142' title='bbox 304 2174 374 2235; x_wconf 79' lang='lat'><strong>246.</strong></span> <span class='ocrx_word' id='word_1_143' title='bbox 397 2208 440 2218; x_wconf 94' lang='lat'><em>-</em></span> <span class='ocrx_word' id='word_1_144' title='bbox 462 2179 597 2239; x_wconf 77' lang='lat' dir='ltr'><strong>involare</strong></span> <span class='ocrx_word' id='word_1_145' title='bbox 619 2172 721 2256; x_wconf 88' lang='lat' dir='ltr'>XXV,</span> <span class='ocrx_word' id='word_1_146' title='bbox 733 2175 762 2236; x_wconf 86' lang='grc'><strong>6.</strong></span> 
     </span>
    </p>

    <p class='ocr_par' dir='ltr' id='par_1_10' title="bbox 151 2273 1279 2976">
     <span class='ocr_line' id='line_1_20' title="bbox 236 2273 1276 2360; baseline 0 -20"><span class='ocrx_word' id='word_1_147' title='bbox 236 2274 287 2341; x_wconf 91' lang='grc' dir='ltr'><strong>Π.</strong></span> <span class='ocrx_word' id='word_1_148' title='bbox 321 2274 442 2341; x_wconf 80' lang='lat' dir='ltr'><strong>Inbue:</strong></span> <span class='ocrx_word' id='word_1_149' title='bbox 465 2275 556 2341; x_wconf 86' lang='lat' dir='ltr'><strong>Haeo</strong></span> <span class='ocrx_word' id='word_1_150' title='bbox 578 2295 641 2341; x_wconf 84' lang='lat' dir='ltr'><strong>vox</strong></span> <span class='ocrx_word' id='word_1_151' title='bbox 660 2294 824 2358; x_wconf 91' lang='lat' dir='ltr'><strong>nunquam</strong></span> <span class='ocrx_word' id='word_1_152' title='bbox 844 2273 1091 2360; x_wconf 85' lang='lat' dir='ltr'><strong>praepositionis</strong></span> <span class='ocrx_word' id='word_1_153' title='bbox 1112 2276 1276 2358; x_wconf 84' lang='lat' dir='ltr'><strong>potestate</strong></span> 
     </span>
     <span class='ocr_line' id='line_1_21' title="bbox 151 2374 1276 2463; baseline -0.002 -22"><span class='ocrx_word' id='word_1_154' title='bbox 151 2376 239 2463; x_wconf 88' lang='lat' dir='ltr'><strong>apud</strong></span> <span class='ocrx_word' id='word_1_155' title='bbox 249 2383 378 2462; x_wconf 86' lang='lat' dir='ltr'><strong>poetam</strong></span> <span class='ocrx_word' id='word_1_156' title='bbox 390 2382 530 2443; x_wconf 89' lang='lat' dir='ltr'><strong>nostrum</strong></span> <span class='ocrx_word' id='word_1_157' title='bbox 543 2377 666 2461; x_wconf 88' lang='lat' dir='ltr'><strong>legitur.</strong></span> <span class='ocrx_word' id='word_1_158' title='bbox 701 2377 807 2444; x_wconf 89' lang='lat' dir='ltr'><strong>Semel</strong></span> <span class='ocrx_word' id='word_1_159' title='bbox 818 2376 1003 2461; x_wconf 88' lang='lat' dir='ltr'><strong>oonjeotura</strong></span> <span class='ocrx_word' id='word_1_160' title='bbox 1013 2374 1276 2442; x_wconf 85' lang='lat' dir='ltr'><strong>eommodissima</strong></span> 
     </span>
     <span class='ocr_line' id='line_1_22' title="bbox 152 2477 1278 2565; baseline -0.002 -20"><span class='ocrx_word' id='word_1_161' title='bbox 152 2480 257 2565; x_wconf 87' lang='lat' dir='ltr'><strong>Statii,</strong></span> <span class='ocrx_word' id='word_1_162' title='bbox 280 2479 425 2546; x_wconf 92' lang='lat' dir='ltr'><strong>adverbii</strong></span> <span class='ocrx_word' id='word_1_163' title='bbox 441 2500 571 2546; x_wconf 90' lang='lat' dir='ltr'><strong>munere</strong></span> <span class='ocrx_word' id='word_1_164' title='bbox 586 2481 740 2565; x_wconf 84' lang='lat' dir='ltr'><strong>fungitur:</strong></span> <span class='ocrx_word' id='word_1_165' title='bbox 763 2481 849 2564; x_wconf 88' lang='lat' dir='ltr'>LXI,</span> <span class='ocrx_word' id='word_1_166' title='bbox 867 2483 925 2544; x_wconf 86' lang='grc'>164</span> <span class='ocrx_word' id='word_1_167' title='bbox 941 2478 1051 2563; x_wconf 86' lang='lat' dir='ltr'><strong>aspioe</strong></span> <span class='ocrx_word' id='word_1_168' title='bbox 1065 2477 1150 2542; x_wconf 88' lang='lat' dir='ltr'><strong>intus</strong></span> <span class='ocrx_word' id='word_1_169' title='bbox 1171 2483 1207 2542; x_wconf 94' lang='lat' dir='ltr'><strong>ut</strong></span> <span class='ocrx_word' id='word_1_170' title='bbox 1222 2497 1278 2543; x_wconf 90' lang='lat' dir='ltr'><strong>ao·</strong></span> 
     </span>
     <span class='ocr_line' id='line_1_23' title="bbox 151 2578 1277 2668; baseline -0.004 -18"><span class='ocrx_word' id='word_1_171' title='bbox 151 2584 279 2650; x_wconf 87' lang='lat' dir='ltr'><strong>euhans.</strong></span> <span class='ocrx_word' id='word_1_172' title='bbox 324 2583 589 2650; x_wconf 77' lang='lat' dir='ltr'><strong>Emendationes:</strong></span> <span class='ocrx_word' id='word_1_173' title='bbox 610 2584 701 2667; x_wconf 89' lang='lat' dir='ltr'><strong>imus,</strong></span> <span class='ocrx_word' id='word_1_174' title='bbox 723 2590 845 2668; x_wconf 89' lang='lat' dir='ltr'><strong>unotus,</strong></span> <span class='ocrx_word' id='word_1_175' title='bbox 868 2583 958 2665; x_wconf 91' lang='lat' dir='ltr'><strong>udus,</strong></span> <span class='ocrx_word' id='word_1_176' title='bbox 980 2602 1061 2665; x_wconf 90' lang='lat' dir='ltr'><strong>quas</strong></span> <span class='ocrx_word' id='word_1_177' title='bbox 1083 2578 1183 2646; x_wconf 86' lang='lat' dir='ltr'><strong>oritiol</strong></span> <span class='ocrx_word' id='word_1_178' title='bbox 1205 2601 1277 2665; x_wconf 80' lang='lat' dir='ltr'><strong>pro</strong></span> 
     </span>
     <span class='ocr_line' id='line_1_24' title="bbox 151 2684 1276 2771; baseline -0.004 -19"><span class='ocrx_word' id='word_1_179' title='bbox 151 2687 291 2753; x_wconf 87' lang='lat' dir='ltr'><strong>tulerunt</strong></span> <span class='ocrx_word' id='word_1_180' title='bbox 306 2692 362 2752; x_wconf 86' lang='lat' dir='ltr'><strong>aut</strong></span> <span class='ocrx_word' id='word_1_181' title='bbox 373 2687 481 2752; x_wconf 90' lang='lat' dir='ltr'><strong>sensui</strong></span> <span class='ocrx_word' id='word_1_182' title='bbox 498 2687 724 2752; x_wconf 88' lang='lat' dir='ltr'><strong>enuntiationis</strong></span> <span class='ocrx_word' id='word_1_183' title='bbox 741 2693 797 2751; x_wconf 87' lang='lat' dir='ltr'><strong>aut</strong></span> <span class='ocrx_word' id='word_1_184' title='bbox 812 2685 989 2771; x_wconf 82' lang='lat' dir='ltr'><strong>scripturae</strong></span> <span class='ocrx_word' id='word_1_185' title='bbox 1005 2684 1148 2750; x_wconf 90' lang='lat' dir='ltr'><strong>oodioum</strong></span> <span class='ocrx_word' id='word_1_186' title='bbox 1159 2689 1276 2768; x_wconf 89' lang='lat' dir='ltr'><strong>parum</strong></span> 
     </span>
     <span class='ocr_line' id='line_1_25' title="bbox 153 2786 1279 2870; baseline -0.004 -16"><span class='ocrx_word' id='word_1_187' title='bbox 153 2789 417 2856; x_wconf 87' lang='lat' dir='ltr'><strong>aooommodatae</strong></span> <span class='ocrx_word' id='word_1_188' title='bbox 439 2794 520 2854; x_wconf 90' lang='lat' dir='ltr'><strong>sunt.</strong></span> <span class='ocrx_word' id='word_1_189' title='bbox 564 2788 733 2855; x_wconf 79' lang='lat' dir='ltr'><strong>Traditum</strong></span> <span class='ocrx_word' id='word_1_190' title='bbox 762 2788 846 2855; x_wconf 92' lang='lat' dir='ltr'><strong>enim</strong></span> <span class='ocrx_word' id='word_1_191' title='bbox 870 2792 918 2854; x_wconf 87' lang='lat' dir='ltr'><strong>est</strong></span> <span class='ocrx_word' id='word_1_192' title='bbox 945 2786 1137 2853; x_wconf 82' lang='lat' dir='ltr'><strong>vocabulum</strong></span> <span class='ocrx_word' id='word_1_193' title='bbox 1158 2787 1279 2870; x_wconf 80' lang='lat' dir='ltr'><strong>„unus“</strong></span> 
     </span>
     <span class='ocr_line' id='line_1_26' title="bbox 152 2889 745 2976; baseline 0 -18"><span class='ocrx_word' id='word_1_194' title='bbox 152 2889 237 2976; x_wconf 88' lang='lat' dir='ltr'><strong>quod</strong></span> <span class='ocrx_word' id='word_1_195' title='bbox 259 2891 348 2956; x_wconf 91' lang='lat' dir='ltr'><strong>nullo</strong></span> <span class='ocrx_word' id='word_1_196' title='bbox 370 2891 464 2956; x_wconf 92' lang='lat' dir='ltr'><strong>modo</strong></span> <span class='ocrx_word' id='word_1_197' title='bbox 488 2891 609 2957; x_wconf 87' lang='lat' dir='ltr'><strong>servari</strong></span> <span class='ocrx_word' id='word_1_198' title='bbox 632 2896 745 2976; x_wconf 87' lang='lat' dir='ltr'><strong>potest</strong></span> 
     </span>
    </p>

    <p class='ocr_par' dir='ltr' id='par_1_11' title="bbox 153 2990 1284 3595">
     <span class='ocr_line' id='line_1_27' title="bbox 237 2990 1278 3078; baseline -0.001 -19"><span class='ocrx_word' id='word_1_199' title='bbox 237 2993 311 3060; x_wconf 93' lang='grc' dir='ltr'><strong>ΠΙ.</strong></span> <span class='ocrx_word' id='word_1_200' title='bbox 346 3013 377 3060; x_wconf 88' lang='lat' dir='ltr'><strong>a.</strong></span> <span class='ocrx_word' id='word_1_201' title='bbox 403 2992 475 3061; x_wconf 83' lang='lat' dir='ltr'><strong>Sub</strong></span> <span class='ocrx_word' id='word_1_202' title='bbox 498 3011 528 3060; x_wconf 91' lang='lat' dir='ltr'><strong>e.</strong></span> <span class='ocrx_word' id='word_1_203' title='bbox 545 2996 615 3061; x_wconf 86' lang='lat' dir='ltr'><strong>abl.</strong></span> <span class='ocrx_word' id='word_1_204' title='bbox 639 2990 734 3078; x_wconf 85' lang='lat' dir='ltr'><strong>oonj.</strong></span> <span class='ocrx_word' id='word_1_205' title='bbox 780 2992 981 3078; x_wconf 87' lang='lat' dir='ltr'><strong>Praepositio</strong></span> <span class='ocrx_word' id='word_1_206' title='bbox 996 2991 1038 3056; x_wconf 91' lang='lat' dir='ltr'><strong>de</strong></span> <span class='ocrx_word' id='word_1_207' title='bbox 1059 2991 1128 3056; x_wconf 86' lang='lat' dir='ltr'><strong>loeo</strong></span> <span class='ocrx_word' id='word_1_208' title='bbox 1144 2990 1278 3058; x_wconf 86' lang='lat' dir='ltr'><strong>dieitur:</strong></span> 
     </span>
     <span class='ocr_line' id='line_1_28' title="bbox 155 3092 1277 3182; baseline -0.004 -18"><span class='ocrx_word' id='word_1_209' title='bbox 155 3097 292 3182; x_wconf 89' lang='lat' dir='ltr'>LXIIII,</span> <span class='ocrx_word' id='word_1_210' title='bbox 309 3102 369 3163; x_wconf 88' lang='grc'><strong>154</strong></span> <span class='ocrx_word' id='word_1_211' title='bbox 391 3103 424 3164; x_wconf 89' lang='lat' dir='ltr'><strong>te</strong></span> <span class='ocrx_word' id='word_1_212' title='bbox 445 3098 555 3180; x_wconf 87' lang='lat' dir='ltr'><strong>genuit</strong></span> <span class='ocrx_word' id='word_1_213' title='bbox 583 3095 653 3163; x_wconf 88' lang='lat' dir='ltr'><strong>sola</strong></span> <span class='ocrx_word' id='word_1_214' title='bbox 680 3097 738 3161; x_wconf 92' lang='lat' dir='ltr'><strong>suh</strong></span> <span class='ocrx_word' id='word_1_215' title='bbox 764 3114 844 3179; x_wconf 90' lang='lat' dir='ltr'><strong>rupe</strong></span> <span class='ocrx_word' id='word_1_216' title='bbox 872 3094 996 3161; x_wconf 89' lang='lat' dir='ltr'><strong>leaena.</strong></span> <span class='ocrx_word' id='word_1_217' title='bbox 1040 3092 1139 3176; x_wconf 93' lang='lat' dir='ltr'>LXV,</span> <span class='ocrx_word' id='word_1_218' title='bbox 1154 3095 1194 3156; x_wconf 85' lang='lat'><strong>13</strong></span> <span class='ocrx_word' id='word_1_219' title='bbox 1217 3093 1277 3158; x_wconf 93' lang='lat' dir='ltr'><strong>suh</strong></span> 
     </span>
     <span class='ocr_line' id='line_1_29' title="bbox 154 3194 1277 3282; baseline -0.004 -16"><span class='ocrx_word' id='word_1_220' title='bbox 154 3202 263 3268; x_wconf 90' lang='lat' dir='ltr'><strong>densis</strong></span> <span class='ocrx_word' id='word_1_221' title='bbox 291 3221 449 3266; x_wconf 88' lang='lat' dir='ltr'><strong>ramorum</strong></span> <span class='ocrx_word' id='word_1_222' title='bbox 478 3199 615 3266; x_wconf 88' lang='lat' dir='ltr'><strong>oonoinit</strong></span> <span class='ocrx_word' id='word_1_223' title='bbox 644 3199 765 3265; x_wconf 90' lang='lat' dir='ltr'><strong>umbris</strong></span> <span class='ocrx_word' id='word_1_224' title='bbox 794 3197 891 3282; x_wconf 89' lang='lat' dir='ltr'>LXV,</span> <span class='ocrx_word' id='word_1_225' title='bbox 911 3199 948 3260; x_wconf 79' lang='grc'>21</span> <span class='ocrx_word' id='word_1_226' title='bbox 981 3194 1069 3261; x_wconf 93' lang='lat' dir='ltr'><strong>molli</strong></span> <span class='ocrx_word' id='word_1_227' title='bbox 1099 3194 1158 3260; x_wconf 89' lang='lat' dir='ltr'><strong>sub</strong></span> <span class='ocrx_word' id='word_1_228' title='bbox 1187 3202 1277 3261; x_wconf 85' lang='lat' dir='ltr'><strong>veste</strong></span> 
     </span>
     <span class='ocr_line' id='line_1_30' title="bbox 153 3296 1276 3386; baseline -0.009 -16"><span class='ocrx_word' id='word_1_229' title='bbox 153 3305 294 3370; x_wconf 80' lang='lat' dir='ltr'><strong>locatum</strong></span> <span class='ocrx_word' id='word_1_230' title='bbox 317 3303 432 3386; x_wconf 90' lang='lat' dir='ltr'>LXVI,</span> <span class='ocrx_word' id='word_1_231' title='bbox 449 3306 489 3367; x_wconf 83' lang='grc'><strong>49</strong></span> <span class='ocrx_word' id='word_1_232' title='bbox 513 3302 679 3369; x_wconf 88' lang='lat' dir='ltr'><strong>subterra</strong></span> <span class='ocrx_word' id='word_1_233' title='bbox 702 3319 857 3386; x_wconf 87' lang='lat' dir='ltr'><strong>quaerere</strong></span> <span class='ocrx_word' id='word_1_234' title='bbox 884 3317 985 3365; x_wconf 87' lang='lat' dir='ltr'><strong>venas</strong></span> <span class='ocrx_word' id='word_1_235' title='bbox 1007 3299 1159 3381; x_wconf 82' lang='lat' dir='ltr'>LXIX,d</span> <span class='ocrx_word' id='word_1_236' title='bbox 1183 3296 1276 3363; x_wconf 85' lang='lat' dir='ltr'><strong>Valle</strong></span> 
     </span>
     <span class='ocr_line' id='line_1_31' title="bbox 155 3400 1284 3491; baseline -0.011 -18"><span class='ocrx_word' id='word_1_237' title='bbox 155 3407 214 3473; x_wconf 90' lang='lat' dir='ltr'><strong>suh</strong></span> <span class='ocrx_word' id='word_1_238' title='bbox 247 3407 372 3472; x_wconf 87' lang='lat' dir='ltr'><strong>alarum</strong></span> <span class='ocrx_word' id='word_1_239' title='bbox 401 3413 474 3472; x_wconf 85' lang='lat' dir='ltr'><strong>trux</strong></span> <span class='ocrx_word' id='word_1_240' title='bbox 504 3406 652 3473; x_wconf 90' lang='lat' dir='ltr'><strong>hahitare</strong></span> <span class='ocrx_word' id='word_1_241' title='bbox 681 3423 789 3491; x_wconf 84' lang='lat' dir='ltr'><strong>eaper.</strong></span> <span class='ocrx_word' id='word_1_242' title='bbox 817 3439 858 3450; x_wconf 87' lang='lat'>-</span> <span class='ocrx_word' id='word_1_243' title='bbox 889 3402 1007 3485; x_wconf 91' lang='lat' dir='ltr'>LXIII,</span> <span class='ocrx_word' id='word_1_244' title='bbox 1023 3404 1059 3464; x_wconf 89' lang='grc'><strong>71</strong></span> <span class='ocrx_word' id='word_1_245' title='bbox 1085 3400 1154 3484; x_wconf 82' lang='lat' dir='ltr'><strong>Ego</strong></span> <span class='ocrx_word' id='word_1_246' title='bbox 1176 3400 1284 3464; x_wconf 82' lang='lat' dir='ltr'><strong>vitam</strong></span> 
     </span>
     <span class='ocr_line' id='line_1_32' title="bbox 156 3507 1103 3595; baseline -0.006 -19"><span class='ocrx_word' id='word_1_247' title='bbox 156 3530 252 3595; x_wconf 88' lang='lat' dir='ltr'><strong>agam</strong></span> <span class='ocrx_word' id='word_1_248' title='bbox 274 3509 333 3575; x_wconf 87' lang='lat' dir='ltr'><strong>sub</strong></span> <span class='ocrx_word' id='word_1_249' title='bbox 356 3510 430 3576; x_wconf 87' lang='lat' dir='ltr'><strong>altis</strong></span> <span class='ocrx_word' id='word_1_250' title='bbox 452 3510 614 3595; x_wconf 81' lang='lat' dir='ltr'><strong>Phrygiae</strong></span> <span class='ocrx_word' id='word_1_251' title='bbox 636 3507 855 3574; x_wconf 80' lang='lat' dir='ltr'><strong>columinibus.</strong></span> <span class='ocrx_word' id='word_1_252' title='bbox 1099 3583 1103 3590; x_wconf 25' lang='grc'>1</span> 
     </span>
    </p>

    <p class='ocr_par' dir='ltr' id='par_1_12' title="bbox 156 3602 1280 3902">
     <span class='ocr_line' id='line_1_33' title="bbox 242 3602 1279 3698; baseline -0.011 -20"><span class='ocrx_word' id='word_1_253' title='bbox 242 3617 269 3678; x_wconf 94' lang='grc'><strong>5.</strong></span> <span class='ocrx_word' id='word_1_254' title='bbox 300 3614 524 3698; x_wconf 82' lang='lat' dir='ltr'><strong>Temporalem</strong></span> <span class='ocrx_word' id='word_1_255' title='bbox 547 3613 644 3677; x_wconf 89' lang='lat' dir='ltr'><strong>habet</strong></span> <span class='ocrx_word' id='word_1_256' title='bbox 660 3609 926 3695; x_wconf 85' lang='lat' dir='ltr'><strong>significationem</strong></span> <span class='ocrx_word' id='word_1_257' title='bbox 949 3607 1087 3690; x_wconf 91' lang='lat' dir='ltr'>LXIIII,</span> <span class='ocrx_word' id='word_1_258' title='bbox 1102 3607 1180 3670; x_wconf 82' lang='lat'><strong>354:</strong></span> <span class='ocrx_word' id='word_1_259' title='bbox 1203 3602 1279 3669; x_wconf 81' lang='lat' dir='ltr'><strong>Sole</strong></span> 
     </span>
     <span class='ocr_line' id='line_1_34' title="bbox 156 3705 1280 3785; baseline -0.013 -1"><span class='ocrx_word' id='word_1_260' title='bbox 156 3717 215 3784; x_wconf 88' lang='lat' dir='ltr'><strong>sub</strong></span> <span class='ocrx_word' id='word_1_261' title='bbox 253 3716 380 3784; x_wconf 85' lang='lat' dir='ltr'><strong>ardenti</strong></span> <span class='ocrx_word' id='word_1_262' title='bbox 409 3716 562 3785; x_wconf 84' lang='lat' dir='ltr'><strong>flaventia</strong></span> <span class='ocrx_word' id='word_1_263' title='bbox 599 3714 732 3780; x_wconf 84' lang='lat' dir='ltr'><strong>demetit</strong></span> <span class='ocrx_word' id='word_1_264' title='bbox 761 3732 850 3778; x_wconf 85' lang='lat' dir='ltr'><strong>arva.</strong></span> <span class='ocrx_word' id='word_1_265' title='bbox 902 3709 1079 3776; x_wconf 89' lang='lat' dir='ltr'><strong>Vertimus:</strong></span> <span class='ocrx_word' id='word_1_266' title='bbox 1117 3705 1280 3785; x_wconf 74' lang='lat' dir='ltr'><strong>wahrend,</strong></span> 
     </span>
     <span class='ocr_line' id='line_1_35' title="bbox 157 3816 742 3902; baseline -0.012 -15"><span class='ocrx_word' id='word_1_267' title='bbox 157 3822 208 3888; x_wconf 85' lang='lat' dir='ltr'><strong>vel</strong></span> <span class='ocrx_word' id='word_1_268' title='bbox 231 3821 282 3886; x_wconf 90' lang='lat' dir='ltr'><strong>hei</strong></span> <span class='ocrx_word' id='word_1_269' title='bbox 305 3820 457 3902; x_wconf 89' lang='lat' dir='ltr'><strong>heftigem</strong></span> <span class='ocrx_word' id='word_1_270' title='bbox 479 3816 742 3884; x_wconf 84' lang='lat' dir='ltr'><strong>Sennenhrende.</strong></span> 
     </span>
    </p>

    <p class='ocr_par' dir='ltr' id='par_1_13' title="bbox 158 3910 1368 4313">
     <span class='ocr_line' id='line_1_36' title="bbox 242 3910 1368 4001; baseline -0.015 -12"><span class='ocrx_word' id='word_1_271' title='bbox 242 3921 313 3988; x_wconf 90' lang='grc' dir='ltr'><strong>ΠΙ.</strong></span> <span class='ocrx_word' id='word_1_272' title='bbox 344 3925 380 3988; x_wconf 88' lang='lat' dir='ltr'><strong>b.</strong></span> <span class='ocrx_word' id='word_1_273' title='bbox 404 3920 476 3989; x_wconf 76' lang='lat' dir='ltr'><strong>Sub</strong></span> <span class='ocrx_word' id='word_1_274' title='bbox 492 3936 521 3985; x_wconf 84' lang='lat' dir='ltr'><strong>o.</strong></span> <span class='ocrx_word' id='word_1_275' title='bbox 538 3936 654 3986; x_wconf 76' lang='lat' dir='ltr'><strong>aecus·</strong></span> <span class='ocrx_word' id='word_1_276' title='bbox 678 3914 772 4001; x_wconf 85' lang='lat' dir='ltr'><strong>oeuj.</strong></span> <span class='ocrx_word' id='word_1_277' title='bbox 817 3917 969 4000; x_wconf 88' lang='lat' dir='ltr'><strong>Praepos.</strong></span> <span class='ocrx_word' id='word_1_278' title='bbox 992 3913 1033 3980; x_wconf 93' lang='lat' dir='ltr'><strong>de</strong></span> <span class='ocrx_word' id='word_1_279' title='bbox 1053 3912 1124 3978; x_wconf 89' lang='lat' dir='ltr'><strong>loeo</strong></span> <span class='ocrx_word' id='word_1_280' title='bbox 1147 3910 1280 3978; x_wconf 88' lang='lat' dir='ltr'><strong>dieitur:</strong></span> <span class='ocrx_word' id='word_1_281' title='bbox 1364 3966 1368 3972; x_wconf 83' lang='lat'><strong>.</strong></span> 
     </span>
     <span class='ocr_line' id='line_1_37' title="bbox 158 4015 1280 4108; baseline -0.013 -17"><span class='ocrx_word' id='word_1_282' title='bbox 158 4026 246 4108; x_wconf 81' lang='lat' dir='ltr'>LI,9</span> <span class='ocrx_word' id='word_1_283' title='bbox 275 4033 387 4090; x_wconf 83' lang='lat' dir='ltr'><strong>tenues</strong></span> <span class='ocrx_word' id='word_1_284' title='bbox 410 4022 468 4087; x_wconf 91' lang='lat' dir='ltr'><strong>sub</strong></span> <span class='ocrx_word' id='word_1_285' title='bbox 491 4027 579 4087; x_wconf 88' lang='lat' dir='ltr'><strong>artus</strong></span> <span class='ocrx_word' id='word_1_286' title='bbox 601 4020 733 4085; x_wconf 86' lang='lat' dir='ltr'><strong>flamma</strong></span> <span class='ocrx_word' id='word_1_287' title='bbox 757 4018 911 4084; x_wconf 85' lang='lat' dir='ltr'><strong>demanat</strong></span> <span class='ocrx_word' id='word_1_288' title='bbox 939 4015 1102 4103; x_wconf 86' lang='lat' dir='ltr'>(LXXVI,</span> <span class='ocrx_word' id='word_1_289' title='bbox 1119 4017 1156 4078; x_wconf 82' lang='lat'><strong>21</strong></span> <span class='ocrx_word' id='word_1_290' title='bbox 1182 4017 1280 4096; x_wconf 82' lang='lat' dir='ltr'><strong>poete</strong></span> 
     </span>
     <span class='ocr_line' id='line_1_38' title="bbox 158 4118 1281 4210; baseline -0.012 -18"><span class='ocrx_word' id='word_1_291' title='bbox 158 4127 249 4193; x_wconf 89' lang='lat' dir='ltr'><strong>dioit:</strong></span> <span class='ocrx_word' id='word_1_292' title='bbox 272 4126 448 4210; x_wconf 89' lang='lat' dir='ltr'><strong>subrepens</strong></span> <span class='ocrx_word' id='word_1_293' title='bbox 469 4131 578 4208; x_wconf 87' lang='lat' dir='ltr'><strong>torpor</strong></span> <span class='ocrx_word' id='word_1_294' title='bbox 599 4125 633 4188; x_wconf 94' lang='lat' dir='ltr'><strong>in</strong></span> <span class='ocrx_word' id='word_1_295' title='bbox 655 4122 759 4207; x_wconf 88' lang='lat' dir='ltr'><strong>artus)</strong></span> <span class='ocrx_word' id='word_1_296' title='bbox 782 4120 899 4204; x_wconf 92' lang='lat' dir='ltr'>LXVI,</span> <span class='ocrx_word' id='word_1_297' title='bbox 922 4125 957 4186; x_wconf 86' lang='lat'><strong>5:</strong></span> <span class='ocrx_word' id='word_1_298' title='bbox 980 4119 1039 4185; x_wconf 90' lang='lat' dir='ltr'><strong>suh</strong></span> <span class='ocrx_word' id='word_1_299' title='bbox 1053 4118 1183 4183; x_wconf 87' lang='lat' dir='ltr'><strong>Latima</strong></span> <span class='ocrx_word' id='word_1_300' title='bbox 1196 4132 1281 4180; x_wconf 84' lang='lat' dir='ltr'><strong>saxa</strong></span> 
     </span>
     <span class='ocr_line' id='line_1_39' title="bbox 158 4228 315 4313; baseline -0.006 -19"><span class='ocrx_word' id='word_1_301' title='bbox 158 4228 315 4313; x_wconf 79' lang='lat' dir='ltr'><strong>relegans.</strong></span> 
     </span>
    </p>
   </div>
   <div class='ocr_carea' id='block_1_5' title="bbox 0 0 1436 4762">
    <p class='ocr_par' dir='ltr' id='par_1_14' title="bbox 0 0 1436 4762">
     <span class='ocr_line' id='line_1_40' title="bbox 0 0 1436 4762; baseline 0 0"><span class='ocrx_word' id='word_1_302' title='bbox 0 0 1436 4762; x_wconf 95' lang='lat' dir='ltr'><strong> </strong></span> 
     </span>
    </p>
   </div>
  </div>
 </body>
</html>
