2828 4762
150 346 191 409 48

149 515 249 580 Multo
277 511 460 577 inusitatius
490 517 538 577 est
561 510 693 593 XXXV,
717 514 755 572 14
790 529 870 591 „quo
892 517 1034 596 tempore
1056 511 1135 595 legit
1161 533 1200 578 ex
1232 533 1271 579 so

148 617 275 693 edunt“,
299 615 383 697 quod
398 613 595 698 praepositio
619 633 681 677 non
705 611 905 678 substantivo
921 613 979 678 sed
1001 614 1190 698 pronomine
1213 616 1271 681 ad·

148 720 217 784 dita
246 723 305 802 est,
338 724 374 781 at
403 717 457 783 vix
485 717 559 782 ferri
592 722 696 800 potest
727 715 811 799 quod
835 716 867 780 in
890 715 1049 799 plerisque
1076 716 1271 795 editionibus

148 822 284 904 legimus
306 821 448 904 LXIIII,
470 821 523 886 73:
546 819 606 883 Illa
627 824 831 902 tempestate,
861 818 951 883 ferox
978 839 1041 901 quo
1064 839 1103 885 ex
1125 826 1272 906 tempore
1380 839 1384 846 ’

149 924 302 989 Theseus.
359 924 398 987 In
436 921 462 986 V
493 927 562 986 erat
596 919 765 1005 seriptum:
795 919 923 1002 feroxq3
953 941 968 985 u
998 927 1149 1006 tempore.
1204 923 1270 990 Sed

148 1027 321 1091 audiamus
351 1025 391 1090 de
419 1023 479 1088 hoo
502 1025 570 1087 loeo
593 1021 801 1087 Ritsebelium
825 1022 909 1105 (Iud.
933 1024 1017 1089 leett
1041 1024 1161 1092 bibem.
1187 1028 1269 1091 1857

147 1150 177 1214 p.
192 1134 211 1194 6
236 1127 293 1212 Op.
308 1127 415 1212 philol.
430 1127 481 1191 III
504 1147 534 1211 p.
550 1124 638 1210 595):
665 1124 750 1204 ,Nee
772 1124 913 1208 proseeto
936 1126 1088 1193 minuitur
1102 1128 1160 1193 sed
1174 1148 1270 1213 auge

147 1240 198 1297 tur
219 1231 390 1297 insolentia
413 1229 569 1295 sermonis
592 1247 663 1293 eum
688 1228 807 1292 omissa
829 1226 863 1291 in
885 1227 991 1314 priore
1013 1230 1154 1295 membro
1178 1249 1271 1315 prae-

149 1333 316 1418 positione,
338 1332 467 1415 adjeeta
489 1331 522 1395 in
538 1329 723 1414 posteriore,
745 1329 814 1393 ‘illa
837 1336 1029 1414 tempestate
1051 1351 1091 1397 ox
1113 1352 1177 1416 qua
1192 1339 1271 1398 tem·

147 1435 286 1520 pestate'
311 1434 427 1499 dieitur
448 1455 506 1517 pro
530 1453 568 1497 eo
591 1432 678 1515 quod
701 1452 771 1497 esse
787 1431 898 1498 debuit
920 1453 978 1516 „ex
1000 1434 1058 1499 illa
1079 1440 1271 1519 tempestate

149 1538 240 1620 qua“,
264 1537 322 1618 vel,
344 1556 412 1620 „ex,
434 1537 530 1618 qua“:
546 1536 662 1600 nedum
683 1541 719 1599 ut
733 1540 856 1599 mutata
872 1534 975 1600 forma
988 1535 1126 1601 nominis
1140 1535 1272 1621 placeat

145 1641 216 1705 ‘illa
238 1639 430 1722 tempestate
453 1657 516 1719 quo
533 1658 573 1702 ex
595 1635 776 1720 tempore'.“
824 1637 887 1702 Sed
903 1637 974 1721 ipse
997 1638 1152 1722 inspicias
1174 1637 1271 1704 buius

147 1743 207 1807 viri
235 1742 361 1805 librum.
409 1741 496 1804 Bene
526 1739 726 1804 emendavit:
748 1739 837 1804 ferox
861 1760 955 1822 quom
979 1739 1091 1806 robore
1107 1741 1270 1807 Theseus:

145 1836 220 1911 ἀλκὶ
243 1835 429 1918 πεποιθώς.
475 1842 542 1907 Nee
571 1843 656 1906 male
686 1861 720 1906 se
750 1840 846 1907 babet
876 1842 909 1908 id
940 1838 1026 1925 quod
1047 1844 1269 1910 Froehliehius

146 1947 324 2032 proposuit,
346 1944 561 2010 Baehrensius
584 1943 719 2028 reoepit:
742 1944 832 2015 ferox
856 1964 921 2028 qua
943 1945 1085 2013 robora

231 2046 411 2131 Disjunetio
452 2046 702 2131 praepositionis
742 2067 762 2111 a
802 2047 898 2113 verbo
934 2069 1030 2131 quam
1065 2049 1180 2116 tmesin
1215 2073 1268 2116 vo-

18 2136 23 2145 ’
146 2173 255 2219 eamus
277 2151 365 2235 apud
389 2150 549 2215 Catullum
572 2170 729 2232 nusquam
753 2151 857 2215 loeum
880 2151 998 2217 habere
1021 2152 1160 2228 videtum
1183 2160 1268 2220 certe

145 2257 178 2320 in
201 2255 265 2319 illis
287 2253 440 2335 versibus,
463 2253 517 2334 qui
541 2272 562 2317 a
583 2253 690 2337 Hupio
713 2253 899 2337 afferuntur,
921 2273 1020 2319 eausa
1041 2275 1105 2319 non
1121 2261 1169 2320 est
1184 2275 1268 2338 quae

146 2378 203 2422 nos
227 2364 321 2440 nogat
342 2356 458 2419 tmesin
480 2360 628 2420 statuere.

231 2459 378 2541 Denique
416 2456 539 2540 aliquid
579 2461 743 2541 proferam
786 2458 871 2541 quod
912 2459 954 2524 ad
995 2479 1061 2524 rem
1102 2459 1268 2526 metrieam

145 2563 291 2648 pertinet.
335 2560 479 2625 (laesura
507 2558 666 2625 interdum
696 2560 816 2626 dirimit
846 2560 1116 2646 praepositionem
1146 2581 1167 2626 a
1196 2562 1268 2628 sub

145 2663 283 2730 stantivo
322 2663 355 2727 in
392 2668 592 2746 pentametro
633 2683 740 2729 versu:
780 2663 984 2748 LXXXVII,
1011 2670 1029 2728 4
1070 2671 1193 2748 quanta
1234 2666 1268 2731 in

144 2787 254 2832 amore
281 2772 336 2829 tuo
367 2784 407 2830 ex
435 2770 527 2848 parte
556 2770 683 2850 reperta
714 2773 826 2833 meast.
875 2767 1027 2851 LXXVI,
1046 2769 1082 2831 18
1113 2768 1267 2833 Extrema

67 2929 69 2933 ,
144 2868 209 2956 (vel
234 2867 335 2946 mam)
366 2867 432 2930 iam
464 2867 537 2950 ipsa
568 2867 600 2930 in
631 2859 733 2933 morte
763 2868 880 2933 tulistis
912 2889 1005 2954 opem
1037 2869 1159 2952 exta
1189 2890 1267 2955 nup·

143 2977 249 3038 tarum
280 2972 352 3035 laus
387 2988 405 3034 e
441 2969 592 3033 laudibus
623 2970 759 3036 eximiis.
821 2971 955 3036 Silentio
986 2972 1161 3057 praeterire
1191 2972 1266 3036 nolo

144 3074 224 3139 duos
247 3091 374 3156 uersus,
402 3091 482 3154 quos
506 3071 635 3135 ultimos
659 3073 770 3156 attuli,
788 3072 891 3152 ,valde
912 3073 1119 3139 addubitatos
1141 3080 1173 3140 et
1195 3093 1266 3139 eon-

139 3176 273 3258 jeoturis
304 3179 445 3239 tentatos
477 3192 592 3237 ossea
623 3174 750 3238 eritieis.
772 3212 814 3221 -
836 3175 1020 3241 —Versus
1047 3177 1131 3242 tales
1159 3177 1266 3259 qualis

143 3282 192 3343 est
214 3277 326 3355 LXVI,
345 3278 383 3339 76
407 3275 503 3340 Alere
526 3294 577 3341 me
599 3294 620 3340 a
642 3276 791 3342 dominae
814 3278 932 3343 vertioe
955 3277 1129 3344 diserueior
1143 3277 1265 3364 passim

142 3379 358 3444 inveniuntur.

679 3564 728 3647 V.

211 3720 444 3820 comparatur
471 3741 558 3799 usos
586 3723 882 3819 praepositionum
911 3723 1001 3822 apud
1030 3724 1198 3806 catullum

567 3842 603 3919 et
630 3841 835 3920 Lueretium.

227 3976 445 4041 Transeamus
467 3995 552 4039 nune
574 3975 615 4040 ad
638 3976 910 4060 eomparationem
933 3979 1016 4044 inter
1036 3980 1263 4046 Lucretianum

142 4083 174 4142 et
197 4077 415 4143 catullianum
445 4076 719 4162 praepositionum
742 4099 834 4143 usum
861 4078 1107 4169 instituendam,
1139 4083 1194 4148 sed
1217 4082 1263 4147 ita

141 4186 176 4242 ut
197 4179 310 4262 paneis
339 4179 544 4244 lineamentis
573 4178 785 4263 proprietates
813 4182 978 4267 utriusque
1006 4192 1120 4270 poetae
1147 4186 1178 4250 in
1201 4183 1263 4250 bae

140 4299 175 4346 re
206 4281 439 4346 adumbremus.
490 4282 656 4346 Lueretius
686 4289 718 4346 et
747 4283 906 4370 Catullus,
933 4288 993 4353 etsi
1021 4287 1194 4354 floruerunt
1221 4307 1262 4352 ea
