2828 4762
141 260 181 321 60

227 427 357 513 Super.
404 431 451 496 De
473 431 626 496 adverbio
649 431 687 498 cf.
710 432 748 496 H.
772 453 802 516 p.
820 438 887 498 101.

228 533 275 597 De
297 534 536 618 praepositione
558 554 655 619 super
670 554 695 599 o.
719 540 853 601 ablativo
876 535 1054 619 conjuncta,
1075 555 1159 618 quae
1174 537 1267 621 apud

141 633 300 699 Catullum
331 656 394 700 non
423 642 545 721 exstat,
575 637 721 703 conferas
751 637 913 702 Holtzium
943 657 967 702 s.
983 635 1013 721 p'.
1029 657 1054 704 o.
1069 637 1089 705 l.
1110 658 1140 721 p.
1162 640 1204 702 86
1232 646 1267 705 et

141 737 339 821 Draegerum
369 740 409 805 H.
434 739 465 805 S.
499 761 528 824 p.
552 742 613 803 664
644 761 777 823 quorum
808 740 862 805 ille
892 740 1034 825 scripsit:
1063 760 1160 825 super
1189 761 1265 805 cum

141 838 282 904 ablativo
305 860 430 925 semper
461 841 558 907 habet
588 842 780 908 translatam
811 842 1085 926 significationem,
1112 842 1266 924 idemque

141 942 299 1026 significat
320 944 407 1027 quod
430 944 505 1026 ‚,de“
529 944 613 1027 liber,
635 944 667 1008 in
691 944 823 1022 Betreff;
850 944 901 1010 hic
922 950 1015 1030 putat
1036 945 1167 1029 ,‚super“
1189 964 1264 1010 oum

141 1044 285 1110 ablativo
301 1046 341 1111 de
362 1046 431 1110 loco
454 1047 573 1111 dietum
592 1047 667 1114 inde
690 1067 710 1110 a
726 1047 852 1131 Virgilii
875 1053 907 1113 et
922 1047 1047 1113 Horatii
1066 1046 1266 1132 temporibus

141 1148 174 1212 in
197 1169 288 1213 usum
312 1149 453 1231 venisse,
483 1157 591 1215 contra
613 1151 743 1234 „super“
766 1169 837 1214 cum
861 1149 989 1216 notione
1010 1149 1085 1234 „de“
1114 1148 1265 1214 omnibus
1339 1197 1344 1209 .

141 1250 303 1315 aetatibus
318 1251 351 1315 in
375 1272 434 1316 usu
456 1251 562 1317 luisse.
606 1251 663 1316 Vir
685 1251 739 1319 ille
761 1250 873 1317 doctus
888 1272 1013 1319 errasse
1028 1252 1162 1335 videtur,
1176 1272 1263 1317 nam

141 1353 175 1416 in
190 1353 282 1418 Lucr.
304 1354 499 1419 carminibus
522 1356 663 1437 quinque
687 1361 817 1419 exstant
846 1354 920 1437 loci,
951 1354 1003 1419 ubi
1026 1375 1122 1440 snper
1150 1374 1264 1420 casum

142 1462 266 1520 sextum
290 1476 397 1522 secum
422 1457 532 1539 habet,
562 1457 645 1522 inest
675 1467 783 1522 autem
814 1477 941 1542 semper
970 1456 1265 1541 significatioloci

228 1556 342 1641 Super
372 1579 443 1624 cum
477 1568 650 1626 accusativo
681 1559 889 1642 'conjunctum
922 1559 1094 1643 significat:
1124 1560 1266 1626 darllber
1365 1638 1368 1645 ,

142 1658 206 1741 bin,
227 1659 350 1726 darauf.
395 1663 444 1727 lta
467 1662 554 1747 apud
575 1662 756 1727 Lucretium
779 1669 810 1728 et
826 1662 999 1729 Catullum.
1041 1661 1200 1746 Exempla
1223 1682 1264 1727 ex

141 1762 175 1825 in
197 1763 289 1829 Lucr.
312 1783 368 1829 sex
391 1764 584 1830 carminibus
607 1765 741 1830 collecta
769 1765 844 1830 vide
874 1765 906 1829 in
929 1764 1037 1831 libello
1059 1764 1178 1830 Holtaii
1207 1764 1264 1848 qui

141 1864 339 1932 inscribitur:
363 1867 517 1952 syntaxis
540 1867 752 1933 Lucretianae
774 1868 968 1933 lineamenta
992 1888 1022 1952 p.
1040 1870 1107 1931 tot.

226 1968 392 2052 Insuper.
437 1971 526 2036 Haec
545 1969 702 2056 particula
725 1970 811 2056 apud
834 1975 983 2035 auctores
1005 1990 1086 2053 quos
1109 1970 1270 2036 classicos

143 2071 344 2137 nominamus
364 2093 427 2137 non
450 2074 618 2155 invenitur,
641 2073 673 2137 in
697 2073 831 2139 Catonis
854 2079 961 2138 autem
984 2079 1016 2138 et
1037 2072 1163 2156 Virgilii
1187 2073 1263 2139 scri·

141 2173 206 2256 ptis
228 2193 298 2238 cnm
321 2175 569 2260 praepositionis
586 2175 617 2239 vi
639 2182 755 2241 exstat.
798 2174 893 2260 Apud
909 2175 1092 2240 Lucretium
1114 2175 1146 2238 in
1170 2165 1279 2241 sexto'

141 2274 222 2339 libro
251 2276 368 2360 legitur
397 2283 429 2342 et
459 2299 529 2343 cum
560 2284 693 2360 utroque
724 2297 800 2342 casu
829 2277 999 2360 conjuncta
1026 2297 1097 2343 esse
1126 2277 1263 2343 videtur.

141 2377 195 2458 Vl,
214 2380 293 2443 1283
309 2400 466 2464 „namque
481 2402 557 2446 suos
572 2381 824 2463 consanguineos
839 2381 947 2446 aliena
968 2400 1116 2464 rogorum
1131 2380 1265 2464 insuper

141 2486 286 2546 extructa
315 2482 435 2566 ingenti
466 2483 606 2548 clamore
635 2484 810 2566 locabant“,
840 2482 900 2548 boc
929 2482 962 2547 in
991 2484 1138 2568 exemplo
1168 2483 1264 2550 facile

141 2584 359 2649 accusativum
387 2606 427 2650 ex
457 2586 620 2671 „insuper“
649 2606 757 2671 praep.
788 2586 928 2671 pendere
954 2585 1130 2669 intellegis,
1160 2593 1195 2676 at
1215 2586 1264 2652 in-

143 2691 264 2751 certum
296 2697 345 2754 est
375 2695 478 2754 utrum
506 2689 538 2754 in
567 2690 620 2764 Vl,
637 2693 707 2754 521.
733 2693 786 2752 191
813 2690 976 2774 „insuper“
999 2688 1197 2769 conpositum
1221 2689 1265 2755 sit

143 2809 213 2853 oum
239 2791 383 2856 ablativo
405 2812 521 2858 annon.
565 2792 713 2857 Handius
729 2794 777 2857 llI
792 2814 822 2877 p.
834 2795 895 2857 386
912 2797 997 2856 recte
1012 2790 1159 2856 adnotat:
1181 2791 1264 2875 „Sed
1302 2779 1305 2787 ¹

142 2893 175 2955 in
198 2892 247 2957 his
270 2893 297 2958 si
320 2894 393 2977 quis
414 2893 558 2958 dativum
590 2894 733 2977 intellegi
763 2894 870 2976 malit,
899 2914 963 2958 non
986 2892 1090 2957 deerit
1119 2892 1149 2957 ei
1176 2892 1264 2958 iusta

143 2998 268 3061 oausa.“
313 2997 461 3062 Catullus
483 2996 544 3062 bac
567 2997 726 3082 particula
750 3017 825 3061 usus
848 3017 911 3061 non
935 3001 991 3061 est.

662 3304 736 3387 VI.

301 3477 416 3557 Verba
443 3496 520 3555 oum
549 3477 870 3576 praepositionibus
897 3477 1105 3575 composita.

229 3613 277 3678 De
300 3611 456 3695 omnibus,
477 3632 561 3694 quae
584 3612 671 3697 apud
686 3613 868 3678 Lucretium
892 3618 925 3678 et
949 3612 1109 3677 Catullum
1134 3616 1263 3677 exstant

143 3717 250 3781 verbis
280 3713 465 3799 compositis
493 3717 527 3778 in
558 3714 617 3779 hoc
647 3715 753 3800 capite
782 3714 947 3799 disputare
979 3734 999 3777 a
1028 3712 1161 3778 consilio
1190 3733 1263 3780 meo

143 3819 283 3884 alienum
305 3822 355 3883 est
376 3815 440 3902 (De
463 3816 610 3883 Lucretio
633 3818 671 3884 cf.
693 3816 803 3882 Keller
819 3817 902 3882 Diss.
923 3815 1000 3902 phil.
1022 3817 1071 3882 De
1094 3817 1262 3882 verborum

112 3959 115 3965 -
143 3920 387 4004 compositorum
419 3940 489 3985 cum
529 3919 819 4004 praepositionibus
851 3920 939 4005 apud
969 3918 1159 3983 Lucretium·
1180 3918 1262 4004 usu).

145 4022 259 4107 Verba,
280 4042 364 4105 quae
386 4022 473 4108 apud
490 4022 652 4088 Catullum
668 4042 708 4087 ex
731 4021 959 4105 compositione
974 4021 1134 4087 notionem
1149 4022 1264 4086 transi-

142 4125 241 4190 tivam
265 4134 456 4210 acceperunt
479 4126 544 4189 iam
568 4123 710 4208 singulis,
733 4123 774 4189 de
796 4123 910 4206 quibus
932 4123 1078 4206 disserui,
1099 4125 1263 4209 praeposi·-

143 4227 283 4292 tionibus
305 4227 425 4292 addidi.
470 4228 563 4292 Nunc
586 4227 683 4311 igitur
705 4225 871 4292 ostendere
887 4226 1035 4310 conabor,
1057 4244 1142 4308 quae
1165 4225 1263 4289 sitin
