2828 4762
152 271 192 334 36

148 439 181 504 in
211 438 261 504 bis
288 436 412 502 duobus
441 437 597 521 exemplis
627 455 737 522 praep.
770 460 809 504 ea
839 438 890 504 vel
921 447 953 505 r’n
990 439 1172 525 supplenda
1207 439 1279 523 erit,

149 547 260 608 eontra
281 541 315 605 in
338 539 545 622 sequentibus
568 539 647 605 loeis
670 538 739 605 sine
761 540 857 605 dubio
873 560 983 626 praep.
998 549 1030 607 111
1044 546 1093 608 est
1108 541 1278 609 addenda:

148 644 324 726 LXHII,1
350 642 480 708 Peliaoo
503 648 681 727 prognatae
703 645 822 708 vertioe
843 644 932 727 LXI,
952 648 965 707 1
992 650 1024 710 te
1046 644 1163 710 leaena
1185 665 1277 710 mon-

148 748 233 814 tibus
256 744 434 831 Libystinis
456 783 498 792 -
519 745 710 829 proereavit.
755 746 898 831 LXIIII,
914 749 973 810 281
998 753 1031 812 et
1052 746 1085 811 in
1108 746 1184 812 aliis
1206 767 1279 814 ver-

148 850 244 915 sibus.
295 850 345 913 De
375 846 601 913 locutionibus:
628 847 710 912 leoto
739 849 877 932 versari,
898 849 1015 914 lectulo
1037 847 1159 932 jacere,
1189 849 1278 916 leeto

148 953 361 1036 aequiesoere,
383 955 482 1035 ponte
503 949 614 1015 ludere
636 950 732 1032 longo
755 950 892 1034 aliisque
914 952 990 1017 vide
1011 951 1151 1018 dener.
1177 953 1212 1017 L.
1236 953 1279 1021 G.

148 1058 232 1139 579.
255 1053 414 1120 Kbbnast.
436 1053 472 1117 L.
488 1052 519 1117 S.
541 1074 570 1137 p.
589 1056 656 1118 174.
683 1055 751 1118 182.
780 1054 933 1137 Draeger.
956 1055 994 1119 11
1011 1054 1041 1120 S.
1058 1054 1083 1120 Ι.
1104 1076 1135 1139 p.
1150 1057 1278 1139 51616.

148 1160 262 1224 Holtze
284 1157 316 1223 S.
331 1158 365 1222 P.
381 1158 417 1221 L.
440 1176 470 1240 p.
486 1159 525 1219 'll
538 1175 584 1238 sq.

234 1261 291 1328 Or.
313 1260 354 1326 M.
377 1258 454 1342 VII,
477 1260 554 1322 547:
594 1257 767 1340 „silvisque
803 1258 953 1342 agrisque
983 1259 1108 1342 viisque
1137 1278 1279 1343 eorpora

148 1365 244 1433 166116
257 1364 398 1446 jarent“.
443 1360 528 1444 Virg.
544 1363 621 1426 Aen.
639 1360 691 1443 VI,
707 1364 768 1424 575
785 1360 944 1438 „custodia
961 1361 1119 1449 vestibulo
1135 1361 1278 1428 sedeat‘.

148 1471 197 1534 De
227 1467 367 1532 ablativo
398 1463 511 1550 proin
541 1483 566 1528 o.
589 1463 651 1528 abl.
674 1464 887 1547 respondente
917 1463 959 1529 ad
990 1464 1277 1548 interrogationem

152 1571 241 1652 „ubi“
267 1569 412 1652 disputat
427 1564 662 1631 Overbolthaus
677 1587 707 1650 p.
724 1569 773 1649 32,
789 1571 816 1630 4.
840 1604 882 1612 -
905 1566 952 1632 01
975 1567 1084 1633 Haase
1099 1568 1133 1632 Π
1156 1588 1185 1651 p.
1205 1569 1278 1632 199.

231 1672 263 1738 Ι.
285 1672 321 1737 b.
349 1669 394 1734 In
423 1687 452 1734 o.
485 1685 601 1734 arens.
634 1667 748 1752 eonj.:
788 1669 986 1752 Praepositio
1023 1678 1056 1735 in
1087 1670 1277 1735 aoeusativo

148 1775 355 1863 praeponitur
378 1773 562 1838 admotum
585 1789 695 1836 versus
718 1791 785 1835 rem
806 1770 949 1853 aliquam
973 1771 1187 1837 indicandum.

237 1883 262 1942 1.
284 1876 392 1941 Verba
421 1874 534 1957 eundi,
557 1873 792 1959 proficiscendi,
819 1874 987 1959 veniendi,
1016 1875 1162 1939 mittendi
1187 1873 1276 1940 hane

148 2002 256 2047 seeum
286 1978 406 2043 babent
436 1976 715 2061 praepositionem.
768 1975 922 2042 Germani
953 1976 1063 2040 dieunt
1090 1975 1200 2058 binzu,
1231 1979 1284 2061 in‚.

148 2082 238 2149 naeb.
282 2080 371 2165 Opus
385 2099 450 2143 non
472 2085 521 2144 est
536 2079 644 2144 omnia
665 2079 764 2144 affere
778 2080 941 2162 exempla:
965 2078 1276 2164 1111611611-

147 2193 212 2251 tem
240 2185 284 2249 ire
311 2182 344 2247 in
372 2184 474 2247 lutum
497 2181 653 2264 XXIII‚5
684 2180 814 2245 exilium
845 2181 1011 2264 malasque
1040 2183 1072 2246 in
1101 2202 1175 2247 oras
1204 2183 1275 2247 Itis.

147 2287 284 2369 XLIIII,
301 2290 340 2347 14
362 2285 394 2349 in
418 2290 507 2349 tuum
530 2283 635 2348 sinum
657 2284 726 2366 fugi
748 2324 790 2334 -
812 2304 885 2367 pro:
908 2284 951 2348 ad
973 2291 1014 2350 te.
1058 2285 1110 2349 lta
1129 2285 1275 2369 saepius.

232 2392 260 2453 2.
291 2387 397 2453 Verba
427 2386 603 2469 inferendi,
630 2385 794 2470 tradendi,
822 2387 1001 2472 aooipiendi
1032 2387 1142 2453 eodem
1175 2388 1274 2453 modo

146 2498 340 2577 usurpantur
361 2488 489 2575 proprie
511 2495 543 2554 et
565 2487 791 2573 metaphorice.

231 2593 323 2674 LXI,
346 2596 386 2657 56
407 2589 521 2674 juveni
544 2593 577 2656 in
599 2611 714 2656 manus
736 2591 883 2656 floridam
906 2592 1006 2659 dedis.
1028 2627 1070 2638 -
1092 2592 1208 2677 XXII,
1232 2596 1272 2656 15

150 2699 201 2777 „in
223 2696 433 2781 palimpsesto
456 2695 575 2759 relata“
601 2694 754 2777 seriptum
774 2700 822 2759 est
838 2694 871 2757 in
886 2693 1056 2760 oodioibus.
1099 2693 1164 2758 Sed
1179 2714 1274 2760 66611-

147 2799 273 2864 satirus
295 2796 509 2862 restituendus
531 2802 589 2862 est.
633 2795 784 2861 Heinsius
814 2796 941 2880 seripsit
966 2797 1000 2860 in
1022 2797 1272 2881 palimprertrrm,

147 2900 373 2967 Lachmannus
402 2897 436 2962 in
466 2897 703 2982 palimpsestoo,
726 2897 943 2963 Baehrensius
971 2899 1004 2962 in
1034 2899 1291 2983 palimpsestos'

145 3003 211 3070 Alii
233 3002 409 3067 ablativum
433 3005 599 3065 servantes
622 3007 826 3065 mutaverunt
851 3009 952 3067 reluta
980 3002 1013 3066 in
1035 3010 1146 3068 relicto
1167 3001 1271 3089 (Hep-

145 3103 227 3190 sius)
249 3105 300 3170 rel
323 3105 357 3169 in
378 3113 485 3170 notato
507 3100 770 3188 (Froebliehius),
793 3103 850 3168 sed
872 3104 998 3169 frustra.
1041 3106 1080 3170 In
1104 3104 1270 3171 0166161111

146 3228 190 3273 61.
220 3226 278 3291 pro
307 3205 422 3270 Rosoio
450 3224 528 3270 eom.
551 3202 606 3289 §5
628 3205 781 3271 librorum
804 3206 901 3272 leotio
931 3207 1054 3286 „relata
1081 3208 1114 3272 in
1137 3207 1265 3273 oodioe“

145 3309 267 3374 dudum
290 3314 432 3373 oorreota
454 3312 504 3372 est
526 3307 559 3371 in
585 3308 707 3386 „relata
722 3309 754 3372 in
770 3308 943 3374 oodioem“.
987 3309 1035 3374 01.
1056 3310 1098 3375 ib.
1120 3311 1222 3391 §Set
1237 3311 1264 3373 e.

145 3410 335 3495 XXVIII‚8
358 3410 493 3492 legimus
519 3409 673 3489 „reserre“
699 3411 937 3495 praepositione
959 3410 1049 3476 nulla
1071 3413 1198 3477 addita:
1217 3428 1264 3475 re

144 3515 212 3580 1616
241 3514 352 3578 datum
384 3511 515 3576 luoello:
545 3512 650 3578 Meine
681 3513 854 3596 Ausgaben
885 3514 1028 3580 sobreibe
1057 3513 1109 3579 ioh
1136 3513 1197 3580 auf
1214 3511 1267 3578 die

144 3615 362 3681 Gewinnseite
385 3615 442 3680 des
465 3613 721 3680 Kassenbuobes.
1105 3609 1107 3613 ’

231 3721 258 3780 3.
291 3716 399 3782 Verba
422 3736 493 3780 oum
517 3715 759 3800 praepositione
781 3725 813 3783 111
835 3717 1012 3802 composita
1035 3738 1119 3800 quae
1141 3738 1211 3783 oum
1235 3724 1268 3784 ia

144 3841 170 3885 6.
194 3827 371 3885 sementivo
395 3819 640 3902 conjunguntur.

228 3921 360 4004 1111,21
386 3920 513 4005 Jupiter
541 3919 706 3986 incidisset
733 3921 766 3986 in
796 3921 910 4005 pedem
933 3923 1003 4006 XV,
1020 3928 1057 3987 15
1080 3923 1113 3987 in
1139 3927 1267 3989 tantam

142 4162 222 4212 ante*
241 4172 304 4213 esso
321 4161 426 4226 potest.
462 4154 504 4212 01.
523 4157 640 4213 Sohulae
656 4159 786 4226 (Hormos
798 4157 854 4212 XII
871 4177 898 4230 p.
911 4165 944 4216 oo
965 4167 994 4216 et
1011 4160 1127 4217 Sebulne
1146 4161 1266 4218 Dissert.

140 4243 272 4298 lenensis
289 4261 317 4313 p.
331 4245 376 4313 27)
394 4241 542 4298 Sobulains
559 4243 681 4314 praefert
699 4246 830 4310 „sinister
847 4252 880 4301 ut
896 4253 986 4302 ante“.
