2828 4762
619 1311 805 1387 VITA.

237 1599 341 1664 Natus
356 1619 425 1664 sum
442 1599 668 1664 Ehrenfriedus
684 1600 925 1667 Duderstadt
939 1602 972 1666 in
989 1603 1068 1684 vico,
1090 1604 1140 1667 cui
1155 1623 1272 1668 nomen

149 1706 199 1765 est
221 1701 275 1768 Gr.
297 1700 504 1785 Ottersleben‚
526 1701 560 1766 in
582 1701 747 1786 provincia
769 1703 913 1769 Saxonis
936 1704 1008 1787 sito,
1030 1705 1083 1770 die
1104 1705 1131 1769 V
1154 1707 1273 1771 mensis

149 1803 238 1868 lunii
262 1803 292 1870 h.
307 1825 331 1872 s.
354 1824 439 1869 anuo
467 1803 542 1869 LVI
570 1812 664 1889 patre
694 1805 917 1888 Ehrenfriedo,
946 1815 1047 1872 matre
1069 1808 1272 1874 Dorotheae

142 1904 244 1988 ‘gente
258 1906 444 1986 Kaesebier,
466 1926 599 1988 quoram
622 1907 677 1971 ille
700 1913 775 1972 ante
797 1906 856 1971 hos
877 1915 945 1972 ooto
968 1928 1070 1973 annos
1085 1909 1170 1974 diem
1194 1911 1273 1975 obiit

94 2068 97 2075 ,
149 2027 341 2092 supremum.
383 2007 464 2074 Fide
478 2008 643 2072 institutus
659 2030 728 2074 sum
745 2010 941 2094 evangeliea.
961 2047 1004 2057 —
1026 2012 1063 2075 In
1080 2014 1150 2076 vico
1165 2012 1270 2096 patrio

149 2129 249 2192 usque
276 2109 320 2176 ad
350 2129 471 2174 annum
500 2110 626 2176 tertium
657 2111 814 2177 decimum
837 2111 1000 2177 literarum
1025 2115 1191 2179 elementis
1213 2115 1270 2178 im-

149 2212 245 2278 butus
268 2211 335 2278 adii
349 2212 552 2298 gymnasium
568 2215 689 2297 regium
713 2213 897 2279 cathedrale
912 2215 1196 2300 Magdeburgense,
1219 2217 1269 2283 eui

147 2321 222 2380 tune
244 2315 397 2400 temporis
412 2311 555 2381 Wichert
577 2315 621 2380 ill.
637 2316 685 2380 vir
709 2322 870 2400 praeerat.
915 2318 1044 2402 Septem
1060 2319 1153 2384 annis
1176 2320 1270 2385 inter-

142 2415 252 2498 jectis,
285 2425 455 2502 postquam
489 2419 618 2484 ineunte
640 2438 725 2484 anno
748 2418 1054 2487 MDCOOLXXVII
1076 2422 1270 2486 maturitatis

147 2519 297 2584 examine
318 2520 452 2604 absolvi,
474 2522 508 2585 iu
530 2521 771 2587 universitatem
795 2522 970 2587 Halensem
993 2543 1044 2588 me
1065 2524 1192 2605 contuli,
1215 2526 1269 2589 uhi

146 2621 263 2687 civium
291 2621 480 2688 academiae
508 2643 640 2688 numero
668 2621 850 2708 adscriptus
872 2643 974 2707 usque
996 2624 1039 2688 ah
1062 2625 1122 2691 hoc
1144 2632 1270 2711 tempus

146 2723 340 2808 philologiae
363 2724 478 2789 studiis
507 2745 558 2788 me
589 2724 673 2790 dedi.
717 2726 836 2791 Audivi
865 2746 922 2811 per
951 2733 1073 2810 septem
1101 2730 1268 2794 semestris
1368 2760 1371 2765 ·

145 2826 319 2910 praecipue
328 2826 524 2911 professores
536 2826 1270 2913 illustrissimosDittenberger‚Dllmmler,

144 2928 278 3013 Haym,
315 2928 452 3010 Hiller,
488 2928 589 3013 Keil,
625 2927 841 3013 Kirchhofl‚
877 2930 1045 2996 Kramer.
1095 2931 1267 2997 Seminarii

144 3030 357 3115 paedagogiei
379 3029 502 3096 sodalis
525 3031 570 3095 fui
593 3038 625 3097 et
646 3031 774 3096 interlui
797 3033 1080 3098 exercitationibus
1103 3034 1267 3099 seminarii

144 3132 332 3217 philologici
356 3140 388 3200 et
402 3133 618 3218 geographici.
662 3134 805 3218 Benigne
821 3134 959 3218 denique
975 3135 1097 3220 Haym
1120 3142 1155 3200 ut
1169 3136 1267 3203 socie-

143 3235 203 3300 tati
225 3234 465 3320 philosophicae
487 3238 674 3302 interessem
697 3236 850 3319 permisit.

228 3335 382 3402 Omnibus
415 3337 465 3402 his
497 3337 745 3421 spectatissimis
776 3339 866 3417 viris,
900 3360 971 3405 oum
1003 3359 1113 3406 omnes
1144 3340 1201 3406 de‘
1216 3361 1265 3407 me

143 3440 263 3524 optime
278 3439 459 3521 meruerint,
481 3458 540 3504 nec
562 3439 666 3503 minus
681 3439 755 3524 illis,
777 3441 831 3522 qui
848 3449 947 3507 antea
969 3441 1012 3505 ad
1027 3443 1265 3524 cognoscendas

141 3541 252 3607 literas
275 3561 327 3606 me
349 3541 516 3620 duxerunt,
539 3542 664 3624 gratias
686 3562 783 3625 quam
806 3542 967 3608 maximas
990 3563 1116 3628 semper
1131 3544 1264 3611 habebo.
