2828 4762
142 224 183 284 40

142 389 303 475 pendens“
325 410 366 457 ex
403 391 471 456 solo
495 390 622 456 Catullo
656 391 763 457 citant.
812 387 967 459 Verbum:
999 392 1271 479 „superirrigare“

141 500 254 561 neuter
276 513 386 559 eorum
408 493 510 560 affert.

227 595 462 663 Overbolthaus
477 592 603 679 quoque
624 594 665 662 de
680 601 788 661 nostro
804 596 873 662 loco
896 595 1075 682 disputavit
1092 599 1125 664 in
1148 599 1271 667 disser-

142 697 264 764 tatione
285 720 318 784 p.
336 700 383 764 16.

226 802 276 868 De
287 801 350 867 line
360 801 471 884 aliquo
481 820 575 884 quem
588 801 863 885 transgrediuntur
875 808 1049 888 usurpatur
1062 802 1270 872 adverbium:

144 905 250 989 viar
273 904 353 969 satis
376 924 536 988 superque
556 904 681 989 Vll,10
705 904 785 970 satis
807 911 840 970 et
862 925 957 991 super
979 911 1036 973 est

227 1007 393 1074 Invenitur
407 1013 574 1092 praeterea
590 1006 649 1073 hoe
665 1008 855 1074 vocabulum
871 1007 960 1092 apud
975 1014 1107 1095 poetam
1122 1014 1270 1076 nostrum

142 1110 176 1176 in
199 1131 296 1177 carm.
318 1111 371 1194 LI,
386 1114 414 1176 7.

229 1211 447 1278 Transiiivam
475 1211 637 1278 notionem
666 1212 747 1278 baec
776 1211 974 1298 praepositio
1002 1212 1146 1279 attribuit
1168 1216 1270 1282 verbo

143 1316 177 1380 in
200 1333 226 1381 c.
243 1313 358 1398 LXVI,
374 1319 430 1379 44:
460 1334 556 1398 quem
585 1316 754 1400 progenies
782 1321 995 1397 supervehitur
1024 1315 1091 1381 scil.
1120 1324 1271 1385 montem.

230 1416 434 1500 Quamquam
468 1416 613 1483 Catullus
649 1418 682 1482 in
720 1417 913 1483 carminibus
954 1418 1021 1483 suis
1058 1418 1126 1484 fere
1165 1419 1271 1487 tribus

143 1518 273 1585 milibus
293 1520 392 1586 variis
406 1520 574 1586 vocabulis
597 1542 675 1586 usus
698 1528 754 1603 est,
777 1527 885 1586 tamen
908 1521 1163 1606 praepositiones
1185 1542 1271 1589 com·

143 1622 260 1706 plures,
282 1641 367 1705 quae
390 1622 431 1690 ab
453 1621 526 1689 aliis
548 1630 742 1707 usurpantur
761 1622 977 1708 scriptoribus,
999 1622 1033 1687 in
1054 1629 1170 1709 poetae
1185 1625 1270 1692 libro

144 1745 209 1790 non
225 1725 438 1796 inveniuntur.
480 1726 592 1810 Penes,
607 1717 790 1810 secundum,
804 1745 925 1810 versus,
939 1744 1024 1809 erga,
1040 1725 1080 1790 ob
1095 1724 1191 1812 (baec
1205 1748 1271 1794 vox

144 1827 285 1892 nonnisi
308 1828 341 1892 in
356 1827 463 1894 verbis
482 1828 668 1912 compositis
690 1827 808 1912 exstat)
832 1830 925 1911 circa,
947 1827 1080 1911 circiter,
1103 1829 1157 1913 eis,
1179 1828 1272 1914 citra,

144 1937 244 2015 extra,
264 1930 357 2014 inira,
372 1951 479 2015 supra,
501 1951 617 2015 coram,
633 1931 764 2016 absque,
779 1929 906 1996 omnino
923 1930 1047 1997 desunt.
1089 1932 1128 1996 In
1148 1930 1270 1999 incerto

145 2040 201 2114 est,
224 2054 266 2098 an
289 2033 467 2119 particulae
485 2032 609 2115 „iuxta“
631 2040 663 2101 et
685 2032 802 2117 „inter“
825 2053 845 2099 a
868 2037 964 2118 poeta
986 2053 1106 2119 usurpa
1130 2033 1203 2100 sint.
1225 2073 1270 2082 —

145 2136 377 2202 Aduerbiorum
400 2135 432 2200 vi
454 2136 602 2220 praedita
625 2142 712 2215 sunt,
739 2136 827 2221 apud
850 2136 932 2201 alios
956 2142 1063 2203 autem
1096 2136 1270 2222 scriptores

144 2238 418 2323 praepositionum
447 2258 577 2305 munere
606 2239 794 2324 iunguntur:
824 2238 994 2323 adversus,
1027 2240 1124 2325 ultra,
1159 2260 1271 2327 usque,

145 2341 238 2425 clam,
260 2341 380 2427 palam,
405 2340 510 2407 simul.

652 2562 764 2646 ΙΙΙΙ.

249 2717 297 2797 be
325 2719 559 2799 collocatione
585 2720 622 2796 et
648 2719 836 2797 iteratione
863 2719 1172 2818 praepositionum.

230 2855 304 2918 Non
326 2854 428 2919 solum
452 2853 485 2918 in
507 2874 566 2918 usu
594 2853 868 2940 praepositionum
892 2852 1037 2918 Catullus
1063 2852 1223 2920 interdum
1246 2876 1268 2921 a

144 2958 303 3024 communi
337 2957 488 3040 loquendi
520 2976 638 3040 genere
674 2956 826 3039 discedit,
866 2955 923 3022 sed
955 2956 1053 3022 etiam
1091 2955 1124 3020 in
1157 2976 1267 3023 earum

146 3060 356 3127 collocatione
379 3060 440 3126 sibi
469 3058 632 3125 licentiam
663 3058 830 3141 quandam
857 3057 1024 3143 permittit,
1055 3078 1154 3142 quam
1180 3060 1268 3146 apud

146 3167 316 3248 scriptores
347 3183 421 3228 raro
450 3163 652 3247 reper·imus.“
702 3163 800 3228 Recte
830 3161 876 3226 ita
907 3161 1032 3245 Hupius
1063 3183 1093 3246 p.
1110 3164 1159 3226 38.
1204 3161 1268 3228 Sed

145 3286 215 3331 eum
238 3265 293 3333 ille
315 3286 379 3330 non
409 3265 518 3332 omnia
545 3285 628 3348 quae
658 3265 720 3330 huc
748 3270 897 3350 spectant
927 3264 1075 3349 exempla
1105 3264 1268 3348 collegerit

146 3376 244 3451 atque
256 3368 459 3453 disposuerit,
473 3369 514 3436 de
525 3369 736 3434 collocatione
749 3375 781 3434 et
793 3366 981 3453 repetitione
992 3367 1264 3453 praepositionum

145 3471 233 3556 apud
257 3471 418 3537 Catullum
448 3471 555 3539 dicere
583 3471 674 3536 nobis
705 3470 810 3538 liceat.
853 3470 928 3536 Jam
952 3474 1082 3555 poetae,
1113 3470 1264 3553 quiante

146 3573 307 3641 Catullum
330 3579 432 3658 erant,
458 3575 553 3640 aliter
575 3573 830 3659 praepositiones
861 3574 1097 3638 collocaverunt
1126 3592 1165 3639 ac
1192 3570 1266 3638 sori·

144 3682 254 3763 ptores
269 3677 394 3743 solutae
410 3675 572 3743 orationis.
618 3675 748 3742 Catullo
768 3680 876 3741 autem
893 3696 963 3741 cum
980 3675 1110 3760 primus,
1130 3674 1268 3741 admira·

144 3780 201 3846 bili
224 3784 295 3844 arte
317 3786 348 3844 et
378 3777 545 3863 diligentia
575 3777 726 3845 tredecim
758 3797 908 3844 versuum
931 3777 1126 3845 Graecorum
1148 3797 1268 3861 genera

144 3882 335 3965 imitaretur,
357 3880 518 3946 maximas
540 3879 747 3946 difficultates
771 3879 972 3964 superandas
995 3879 1102 3964 fuisse,
1125 3879 1198 3962 quis
1217 3886 1267 3945 est

146 3984 201 4067 qui
224 4004 287 4050 non
310 3984 444 4049 videat?
478 3984 691 4050 Romanorum
716 3982 801 4049 enim
817 3982 929 4066 lingua
957 4001 1083 4048 summa
1098 3981 1266 4066 diligentia

144 4092 247 4152 metro
275 4088 323 4152 ita
351 4085 502 4171 adaptari
533 4084 657 4170 debuit,
686 4092 721 4150 ut
749 4105 862 4151 versus
890 4105 995 4170 neque
1024 4084 1131 4170 frigidi
1161 4103 1266 4166 neque

146 4188 247 4273 jejuni
263 4187 444 4255 evaderent.
475 4187 621 4253 Catullus
632 4208 690 4274 pro
706 4187 833 4272 ingenio
849 4208 906 4255 suo
918 4187 1058 4255 variavit
1071 4192 1103 4256 et
1118 4185 1265 4254 distinxit
