2828 4762
1247 299 1285 360 13

163 465 230 530 exit
251 465 542 530 commodissimus:
565 463 642 546 „llle
666 465 770 546 [nuno]
801 462 899 530 habet
919 464 1012 546 >quod
1044 464 1183 533 habebat
1209 471 1285 532 ante

162 567 299 632 Gallia“

247 675 275 735 5.
305 669 436 734 Accedit
465 668 509 732 ad
539 668 727 733 vocabulum
760 678 832 734 onte
867 668 1088 752 comparativa
1123 670 1285 754 particula

161 795 267 852 quom:
290 778 476 854 antequam,
504 783 575 837 orote
596 776 705 837 autem
728 769 815 834 hand
839 791 912 836 raro
935 793 954 836 a
978 795 1067 851 quom
1089 773 1285 856 interpositis

162 874 322 938 nonnullis
344 873 509 939 vocabulis
531 872 733 956 disjungitur.

248 975 349 1044 VIII.
380 977 485 1044 Postr
520 981 546 1041 l.
573 978 688 1061 Praep.
712 987 786 1057 post
814 977 920 1041 locum
950 976 1096 1042 indicans
1125 977 1286 1060 significat

161 1079 205 1162 id,
226 1080 312 1161 quod
335 1098 355 1144 a
377 1085 467 1163 tergo
491 1085 555 1144 est:
578 1077 690 1144 hinter.

246 1181 346 1263 LXV,
369 1184 431 1244 294
461 1184 537 1247 Post
568 1180 651 1246 hunc
681 1181 894 1263 consequitur.
945 1179 1147 1264 Quamquam
1170 1183 1203 1247 in
1227 1183 1285 1247 hoc

161 1302 255 1348 versu
286 1294 363 1365 port
391 1285 489 1349 etiam
516 1304 574 1368 pro
610 1282 763 1353 adverbio
799 1283 909 1348 haberi
943 1289 1057 1367 potest.
1110 1283 1157 1350 cf.
1180 1285 1283 1350 Hand.

161 1387 252 1452 Ture.
267 1386 311 1451 IV
333 1407 363 1470 p.
387 1387 464 1450 489:
495 1393 590 1468 „Post
619 1385 652 1449 in
684 1386 796 1451 ordine
824 1406 929 1450 rerum
953 1385 1110 1468 signifieat
1132 1387 1178 1470 id,
1199 1389 1283 1470 quod

160 1488 254 1554 alteri
276 1489 321 1554 rei
345 1489 496 1554 succedit.
517 1525 560 1534 —
583 1489 620 1553 ln
643 1488 823 1554 enarrando
844 1507 948 1552 rerum
965 1489 1075 1554 ordine
1090 1489 1286 1555 collocantur

160 1593 291 1655 nomina
314 1591 631 1670 tum-oeiooe-posrf‘
652 1627 696 1636 -
717 1591 755 1655 In
783 1597 891 1655 nostro
919 1590 1060 1656 carmine
1089 1592 1284 1657 invenimus:

161 1713 189 1756 r.
205 1695 267 1755 279
283 1693 431 1777 princeps
454 1693 585 1758 advenit
601 1692 727 1772 Chiron,
743 1713 772 1758 v.
787 1695 849 1757 285
865 1691 1034 1758 confestim
1051 1694 1168 1759 Penios
1185 1695 1285 1775 adest,

160 1815 188 1860 v.
204 1797 265 1857 294
288 1801 360 1879 post
384 1795 466 1860 hunc
489 1796 691 1878 consequitur
713 1796 937 1876 Prometheus,
964 1816 992 1859 v.
1009 1799 1070 1858 298
1094 1797 1170 1860 inde
1192 1804 1285 1882 pater

158 1896 267 1962 divum
297 1898 437 1964 advenit.
490 1905 562 1963 Post
592 1919 649 1982 pro
680 1906 788 1964 deinde
811 1897 883 1980 jam
913 1897 944 1961 in
972 1898 1082 1964 Plauti
1110 1900 1285 1965 comoediis

159 2000 328 2066 invenitur.

245 2105 274 2168 2.
297 2110 368 2168 Post
389 2103 430 2168 de
451 2109 595 2188 tempore
617 2103 746 2169 dictum.

244 2206 383 2290 LXlIll‚
406 2207 468 2269 278
492 2206 632 2284 Quorum
655 2214 727 2290 post
758 2206 882 2271 abitum
905 2244 947 2254 -
970 2209 1111 2275 advenit
1145 2209 1278 2290 XCV‚l

159 2328 276 2374 nonam
301 2317 372 2393 post
394 2309 534 2392 denique
557 2329 710 2389 messem,
740 2329 924 2393 nonamque
946 2320 1018 2395 post
1040 2312 1186 2379 hiemem.
1230 2313 1282 2398 (ln

160 2411 262 2476 altera
286 2411 379 2477 huius
401 2413 580 2477 sententiae
602 2419 695 2497 parte
717 2412 861 2495 sequitur
882 2414 993 2499 quom.)

246 2517 273 2581 3.
296 2521 369 2581 Post
395 2515 584 2581 adverbium
611 2522 661 2581 est
688 2516 720 2580 in
748 2517 938 2581 enarrandis
959 2517 1054 2583 rebus
1075 2538 1132 2601 pro
1156 2525 1284 2584 deiude:

158 2617 298 2698 LXllll,
320 2621 381 2679 274
411 2619 552 2684 Primum
580 2618 757 2701 procedunt
779 2654 821 2664 —
843 2625 916 2702 post
946 2620 1190 2685 increbrescunt
1233 2621 1283 2686 De

159 2724 302 2800 tempore
324 2717 438 2783 dicitur
461 2719 536 2801 llll,
556 2726 591 2783 10
615 2719 676 2784 iste
698 2728 772 2804 post
793 2720 960 2805 phasellus
982 2729 1079 2787 antea
1101 2723 1171 2788 luit.
1214 2723 1283 2788 Hoc

159 2820 192 2883 in
220 2838 312 2886 versu
335 2823 450 2906 ‚,post“
478 2841 594 2905 graeco
625 2842 712 2889 more
739 2844 797 2907 pro
826 2822 988 2907 adjectivo
1011 2825 1120 2908 aliquo
1143 2826 1282 2910 positum

158 2943 230 2988 esse
258 2924 394 2990 videtur
449 2925 593 3008 LXllll,
615 2929 676 2989 322
707 2926 794 3008 quod
826 2933 900 3011 post
928 2928 1017 2992 nulla
1047 2929 1155 3011 arguit
1183 2935 1283 2994 aetas.

158 3027 282 3111 XLIX,
305 3030 324 3091 3
355 3034 429 3112 post
458 3027 533 3092 aliis
561 3035 653 3094 erunt
682 3028 714 3093 in
742 3029 845 3095 annis.
889 3029 935 3095 of.
958 3030 1055 3096 etiam
1078 3050 1162 3113 quae
1184 3050 1283 3114 supra

157 3130 197 3195 de
228 3150 322 3195 versu
344 3130 463 3212 LXIV,
486 3133 548 3193 294
572 3130 715 3197 dicimus.
737 3172 778 3181 -
806 3134 980 3199 Praeterea
1007 3132 1096 3216 apud
1120 3133 1280 3198 Catullum

158 3233 362 3296 inveniuntur·
393 3233 562 3298 adverbia:
601 3241 730 3318 postea,
768 3232 919 3318 posthac,
955 3235 1093 3318 postilla.
1145 3237 1193 3302 lle
1223 3234 1282 3301 hoc

158 3339 321 3415 postremo
343 3334 560 3419 (lxxxiiii,
583 3334 625 3420 9),
649 3336 732 3417 quod
756 3336 857 3401 solum
882 3337 969 3420 apud
985 3337 1143 3423 Plautum,
1166 3341 1282 3404 'leren-

157 3436 245 3517 tium‚
268 3436 405 3501 Ennium
427 3438 596 3520 invenitur,
620 3437 692 3502 vide
708 3439 858 3521 Draeger.
874 3438 904 3502 S.
920 3439 934 3502 l
951 3459 982 3522 p.
997 3442 1058 3503 599
1074 3447 1106 3506 et
1120 3440 1280 3507 Holtzium

157 3540 188 3604 S.
211 3541 245 3604 P.
268 3541 300 3606 S.
322 3540 357 3606 L.
379 3560 409 3622 p.
425 3543 496 3606 215.
541 3539 683 3622 Uterque
715 3540 899 3606 etiamnunc
928 3549 989 3608 ille.
1007 3563 1064 3626 pro
1095 3543 1281 3609 accusativo

156 3641 274 3724 plurali
306 3641 424 3708 habere
455 3641 594 3727 videtum
626 3643 683 3708 sed
713 3642 772 3708 hoc
801 3644 994 3708 vocabulum
1022 3652 1204 3726 exportet
1226 3647 1281 3712 ad·

156 3745 264 3809 verbio
293 3753 347 3812 illo
377 3745 587 3828 compositum
621 3762 692 3811 esse
721 3752 831 3811 notum
862 3752 919 3811 est.
963 3748 1011 3813 De
1033 3748 1162 3813 notione
1183 3747 1283 3832 parti-

157 3846 248 3911 culae
269 3847 434 3932 „postilla“
457 3847 496 3915 cf.
517 3849 651 3931 Langen
666 3849 816 3931 Beitrdge
838 3869 864 3912 a.
887 3849 995 3915 Kritih
1018 3850 1083 3915 uno
1098 3850 1281 3934 Erhlaruug

157 3944 214 4009 des
225 3945 358 4015 Plautus
373 3971 404 4034 p.
414 3953 476 4016 258
493 3952 582 4016 ouius
599 3950 771 4035 explicatio
787 3953 915 4016 omnino
930 3952 1071 4034 quadrat
1086 3952 1119 4017 in
1137 3960 1279 4019 nostrum

156 4047 259 4114 locum
282 4086 325 4095 -
347 4052 395 4117 De
416 4053 595 4139 „posthac“
617 4053 691 4119 vide
714 4053 851 4119 cundem
874 4075 904 4139 p.
919 4056 988 4118 259.

240 4149 307 4218 ΙΧ.
330 4150 532 4222 Adversusr
561 4162 717 4223 Adversas
748 4156 780 4222 'et
809 4155 995 4222 adverbium
1019 4164 1051 4221 et
1083 4157 1279 4243 praepositio

156 4255 329 4337 putabatur·
346 4257 376 4318 in
394 4275 418 4318 c.
435 4256 486 4338 Ll,
502 4261 520 4320 3
544 4259 615 4340 „qui
632 4259 724 4323 sedet
739 4258 893 4322 adversus
915 4257 1088 4324 identidem
1109 4267 1141 4325 te
1157 4267 1281 4344 spectat
