<?xml version="1.0" encoding="UTF-8"?>
<!DOCTYPE html PUBLIC "-//W3C//DTD XHTML 1.0 Transitional//EN"
    "http://www.w3.org/TR/xhtml1/DTD/xhtml1-transitional.dtd">
<html xmlns="http://www.w3.org/1999/xhtml" xml:lang="en" lang="en">
 <head>
  <title>
</title>
<meta http-equiv="Content-Type" content="text/html;charset=utf-8" />
  <meta name='ocr-system' content='tesseract 3.04.00' />
  <meta name='ocr-capabilities' content='ocr_page ocr_carea ocr_par ocr_line ocrx_word'/>
</head>
<body>
  <div class='ocr_page' id='page_1' title='image "./departicularumu00dudegoog_0047.png"; bbox 0 0 2828 4762; ppageno 0'>
   <div class='ocr_carea' id='block_1_1' title="bbox 147 284 188 346">
    <p class='ocr_par' dir='ltr' id='par_1_1' title="bbox 147 284 188 346">
     <span class='ocr_line' id='line_1_1' title="bbox 147 284 188 346; baseline -0.024 0"><span class='ocrx_word' id='word_1_1' title='bbox 147 284 188 346; x_wconf 84' lang='lat'><strong>42</strong></span> 
     </span>
    </p>
   </div>
   <div class='ocr_carea' id='block_1_2' title="bbox 146 453 1272 1057">
    <p class='ocr_par' dir='ltr' id='par_1_2' title="bbox 146 453 1272 1057">
     <span class='ocr_line' id='line_1_2' title="bbox 147 453 1271 544; baseline 0.007 -26"><span class='ocrx_word' id='word_1_2' title='bbox 147 453 323 539; x_wconf 90' lang='lat' dir='ltr'><strong>disputavit</strong></span> <span class='ocrx_word' id='word_1_3' title='bbox 335 455 479 522; x_wconf 85' lang='lat' dir='ltr'><strong>Creefius</strong></span> <span class='ocrx_word' id='word_1_4' title='bbox 490 458 522 522; x_wconf 92' lang='lat' dir='ltr'><strong>in</strong></span> <span class='ocrx_word' id='word_1_5' title='bbox 534 458 693 543; x_wconf 83' lang='lat' dir='ltr'><strong>Philologi</strong></span> <span class='ocrx_word' id='word_1_6' title='bbox 706 460 766 524; x_wconf 93' lang='lat' dir='ltr'><strong>vol.</strong></span> <span class='ocrx_word' id='word_1_7' title='bbox 777 459 907 524; x_wconf 88' lang='lat' dir='ltr'>XXXII</span> <span class='ocrx_word' id='word_1_8' title='bbox 919 479 949 544; x_wconf 92' lang='lat' dir='ltr'><strong>p.</strong></span> <span class='ocrx_word' id='word_1_9' title='bbox 957 463 1017 524; x_wconf 81' lang='lat'><strong>720</strong></span> <span class='ocrx_word' id='word_1_10' title='bbox 1028 466 1061 525; x_wconf 91' lang='lat' dir='ltr'><strong>et</strong></span> <span class='ocrx_word' id='word_1_11' title='bbox 1071 461 1133 526; x_wconf 90' lang='lat' dir='ltr'><strong>vol.</strong></span> <span class='ocrx_word' id='word_1_12' title='bbox 1143 459 1271 526; x_wconf 88' lang='lat' dir='ltr'>XXXV</span> 
     </span>
     <span class='ocr_line' id='line_1_3' title="bbox 146 558 1272 647; baseline 0.007 -27"><span class='ocrx_word' id='word_1_13' title='bbox 146 578 176 641; x_wconf 87' lang='lat' dir='ltr'><strong>p.</strong></span> <span class='ocrx_word' id='word_1_14' title='bbox 192 560 263 637; x_wconf 78' lang='lat'><strong>672,</strong></span> <span class='ocrx_word' id='word_1_15' title='bbox 293 558 347 640; x_wconf 88' lang='lat' dir='ltr'><strong>qui</strong></span> <span class='ocrx_word' id='word_1_16' title='bbox 376 561 525 645; x_wconf 86' lang='lat' dir='ltr'><strong>exempla</strong></span> <span class='ocrx_word' id='word_1_17' title='bbox 554 581 594 626; x_wconf 83' lang='lat' dir='ltr'><strong>ex</strong></span> <span class='ocrx_word' id='word_1_18' title='bbox 623 560 830 647; x_wconf 78' lang='lat' dir='ltr'><strong>scriptoribus</strong></span> <span class='ocrx_word' id='word_1_19' title='bbox 860 569 916 628; x_wconf 92' lang='lat' dir='ltr'><strong>aut</strong></span> <span class='ocrx_word' id='word_1_20' title='bbox 946 561 1039 628; x_wconf 86' lang='lat' dir='ltr'><strong>affert</strong></span> <span class='ocrx_word' id='word_1_21' title='bbox 1069 569 1125 627; x_wconf 91' lang='lat' dir='ltr'><strong>ant</strong></span> <span class='ocrx_word' id='word_1_22' title='bbox 1154 562 1272 630; x_wconf 85' lang='lat' dir='ltr'><strong>laudat</strong></span> 
     </span>
     <span class='ocr_line' id='line_1_4' title="bbox 147 660 1272 750; baseline 0.008 -27"><span class='ocrx_word' id='word_1_23' title='bbox 147 660 233 724; x_wconf 91' lang='lat' dir='ltr'><strong>viros</strong></span> <span class='ocrx_word' id='word_1_24' title='bbox 248 662 302 743; x_wconf 89' lang='lat' dir='ltr'><strong>qui</strong></span> <span class='ocrx_word' id='word_1_25' title='bbox 317 662 375 727; x_wconf 94' lang='lat' dir='ltr'><strong>illa</strong></span> <span class='ocrx_word' id='word_1_26' title='bbox 391 664 596 747; x_wconf 85' lang='lat' dir='ltr'><strong>collegerunt.</strong></span> <span class='ocrx_word' id='word_1_27' title='bbox 640 664 714 729; x_wconf 90' lang='lat' dir='ltr'><strong>Jam</strong></span> <span class='ocrx_word' id='word_1_28' title='bbox 731 665 867 748; x_wconf 83' lang='lat' dir='ltr'><strong>Augusti</strong></span> <span class='ocrx_word' id='word_1_29' title='bbox 888 665 1084 750; x_wconf 81' lang='lat' dir='ltr'><strong>temporibus</strong></span> <span class='ocrx_word' id='word_1_30' title='bbox 1100 666 1272 749; x_wconf 86' lang='lat' dir='ltr'><strong>scriptores</strong></span> 
     </span>
     <span class='ocr_line' id='line_1_5' title="bbox 146 764 1272 851; baseline 0.007 -25"><span class='ocrx_word' id='word_1_31' title='bbox 146 768 271 828; x_wconf 91' lang='lat' dir='ltr'><strong>tantum</strong></span> <span class='ocrx_word' id='word_1_32' title='bbox 294 764 388 829; x_wconf 95' lang='lat' dir='ltr'><strong>modo</strong></span> <span class='ocrx_word' id='word_1_33' title='bbox 414 785 504 844; x_wconf 81' lang='lat' dir='ltr'><strong>„oum</strong></span> <span class='ocrx_word' id='word_1_34' title='bbox 527 766 661 848; x_wconf 85' lang='lat' dir='ltr'><strong>quibus“</strong></span> <span class='ocrx_word' id='word_1_35' title='bbox 687 768 890 851; x_wconf 86' lang='lat' dir='ltr'><strong>scripserunt</strong></span> <span class='ocrx_word' id='word_1_36' title='bbox 934 768 1070 834; x_wconf 81' lang='lat' dir='ltr'>Praeter</span> <span class='ocrx_word' id='word_1_37' title='bbox 1089 768 1162 834; x_wconf 92' lang='lat' dir='ltr'><strong>illos</strong></span> <span class='ocrx_word' id='word_1_38' title='bbox 1183 769 1272 834; x_wconf 90' lang='lat' dir='ltr'><strong>locos</strong></span> 
     </span>
     <span class='ocr_line' id='line_1_6' title="bbox 147 867 1272 956; baseline 0.006 -28"><span class='ocrx_word' id='word_1_39' title='bbox 147 884 246 949; x_wconf 88' lang='lat' dir='ltr'><strong>supra</strong></span> <span class='ocrx_word' id='word_1_40' title='bbox 269 867 387 932; x_wconf 87' lang='lat' dir='ltr'><strong>allatos</strong></span> <span class='ocrx_word' id='word_1_41' title='bbox 415 868 537 933; x_wconf 93' lang='lat' dir='ltr'><strong>nullum</strong></span> <span class='ocrx_word' id='word_1_42' title='bbox 569 869 714 934; x_wconf 90' lang='lat' dir='ltr'><strong>invenies</strong></span> <span class='ocrx_word' id='word_1_43' title='bbox 743 868 797 934; x_wconf 91' lang='lat' dir='ltr'><strong>ubi</strong></span> <span class='ocrx_word' id='word_1_44' title='bbox 825 870 972 936; x_wconf 81' lang='lat' dir='ltr'><strong>Catullus</strong></span> <span class='ocrx_word' id='word_1_45' title='bbox 1000 869 1272 956; x_wconf 89' lang='lat' dir='ltr'><strong>praepositionem</strong></span> 
     </span>
     <span class='ocr_line' id='line_1_7' title="bbox 147 970 1030 1057; baseline 0.006 -25"><span class='ocrx_word' id='word_1_46' title='bbox 147 971 256 1049; x_wconf 87' lang='lat' dir='ltr'><strong>‚‚cum“</strong></span> <span class='ocrx_word' id='word_1_47' title='bbox 278 970 416 1035; x_wconf 89' lang='lat' dir='ltr'><strong>relativo</strong></span> <span class='ocrx_word' id='word_1_48' title='bbox 439 971 490 1036; x_wconf 91' lang='lat' dir='ltr'><strong>vel</strong></span> <span class='ocrx_word' id='word_1_49' title='bbox 513 971 675 1057; x_wconf 90' lang='lat' dir='ltr'><strong>personali</strong></span> <span class='ocrx_word' id='word_1_50' title='bbox 697 973 876 1057; x_wconf 81' lang='lat' dir='ltr'>pronomini</span> <span class='ocrx_word' id='word_1_51' title='bbox 899 972 1030 1037; x_wconf 85' lang='lat' dir='ltr'><strong>addidit.</strong></span> 
     </span>
    </p>
   </div>
   <div class='ocr_carea' id='block_1_3' title="bbox 146 1072 1276 4333">
    <p class='ocr_par' dir='ltr' id='par_1_3' title="bbox 146 1072 1274 2285">
     <span class='ocr_line' id='line_1_8' title="bbox 232 1072 1269 1160; baseline 0.004 -24"><span class='ocrx_word' id='word_1_52' title='bbox 232 1072 342 1137; x_wconf 90' lang='lat' dir='ltr'><strong>Pauca</strong></span> <span class='ocrx_word' id='word_1_53' title='bbox 373 1072 432 1137; x_wconf 91' lang='lat' dir='ltr'><strong>hoc</strong></span> <span class='ocrx_word' id='word_1_54' title='bbox 461 1074 531 1138; x_wconf 92' lang='lat' dir='ltr'><strong>loco</strong></span> <span class='ocrx_word' id='word_1_55' title='bbox 560 1074 601 1140; x_wconf 90' lang='lat' dir='ltr'><strong>de</strong></span> <span class='ocrx_word' id='word_1_56' title='bbox 623 1075 854 1159; x_wconf 81' lang='lat' dir='ltr'><strong>postpositione</strong></span> <span class='ocrx_word' id='word_1_57' title='bbox 877 1075 1124 1160; x_wconf 83' lang='lat' dir='ltr'><strong>praepositionis</strong></span> <span class='ocrx_word' id='word_1_58' title='bbox 1150 1075 1269 1156; x_wconf 80' lang='lat' dir='ltr'><strong>„inter“</strong></span> 
     </span>
     <span class='ocr_line' id='line_1_9' title="bbox 147 1174 1271 1269; baseline 0.004 -31"><span class='ocrx_word' id='word_1_59' title='bbox 147 1174 252 1239; x_wconf 89' lang='lat' dir='ltr'><strong>dicam</strong></span> <span class='ocrx_word' id='word_1_60' title='bbox 283 1174 334 1259; x_wconf 83' lang='lat' dir='ltr'><strong>(cf.</strong></span> <span class='ocrx_word' id='word_1_61' title='bbox 357 1176 484 1241; x_wconf 85' lang='lat' dir='ltr'><strong>Rozsek</strong></span> <span class='ocrx_word' id='word_1_62' title='bbox 507 1175 688 1242; x_wconf 86' lang='lat' dir='ltr'><strong>Zeitschrift</strong></span> <span class='ocrx_word' id='word_1_63' title='bbox 717 1177 738 1244; x_wconf 88' lang='lat' dir='ltr'><strong>f.</strong></span> <span class='ocrx_word' id='word_1_64' title='bbox 761 1176 986 1269; x_wconf 83' lang='lat' dir='ltr'><strong>dstreichisehe</strong></span> <span class='ocrx_word' id='word_1_65' title='bbox 1009 1177 1163 1263; x_wconf 85' lang='lat' dir='ltr'><strong>Gymnas.</strong></span> <span class='ocrx_word' id='word_1_66' title='bbox 1189 1179 1271 1242; x_wconf 83' lang='lat'>1868</span> 
     </span>
     <span class='ocr_line' id='line_1_10' title="bbox 147 1277 1272 1364; baseline 0.005 -24"><span class='ocrx_word' id='word_1_67' title='bbox 147 1297 176 1361; x_wconf 94' lang='lat' dir='ltr'><strong>p.</strong></span> <span class='ocrx_word' id='word_1_68' title='bbox 194 1277 320 1363; x_wconf 70' lang='grc'>12011).</span> <span class='ocrx_word' id='word_1_69' title='bbox 364 1281 478 1363; x_wconf 90' lang='lat' dir='ltr'><strong>Praep.</strong></span> <span class='ocrx_word' id='word_1_70' title='bbox 505 1280 623 1359; x_wconf 83' lang='lat' dir='ltr'><strong>„inter“</strong></span> <span class='ocrx_word' id='word_1_71' title='bbox 642 1280 878 1345; x_wconf 90' lang='lat' dir='ltr'><strong>substantivum</strong></span> <span class='ocrx_word' id='word_1_72' title='bbox 894 1281 1038 1364; x_wconf 90' lang='lat' dir='ltr'><strong>sequitur</strong></span> <span class='ocrx_word' id='word_1_73' title='bbox 1056 1280 1143 1345; x_wconf 92' lang='lat' dir='ltr'><strong>nullo</strong></span> <span class='ocrx_word' id='word_1_74' title='bbox 1159 1278 1272 1346; x_wconf 91' lang='lat' dir='ltr'><strong>addito</strong></span> 
     </span>
     <span class='ocr_line' id='line_1_11' title="bbox 147 1380 1272 1467; baseline 0.004 -24"><span class='ocrx_word' id='word_1_75' title='bbox 147 1380 216 1445; x_wconf 90' lang='lat' dir='ltr'><strong>sive</strong></span> <span class='ocrx_word' id='word_1_76' title='bbox 236 1380 396 1463; x_wconf 89' lang='lat' dir='ltr'><strong>adjectivo</strong></span> <span class='ocrx_word' id='word_1_77' title='bbox 412 1381 481 1447; x_wconf 92' lang='lat' dir='ltr'><strong>sive</strong></span> <span class='ocrx_word' id='word_1_78' title='bbox 496 1382 684 1466; x_wconf 85' lang='lat' dir='ltr'><strong>pronomine</strong></span> <span class='ocrx_word' id='word_1_79' title='bbox 700 1383 787 1467; x_wconf 87' lang='lat' dir='ltr'><strong>apud</strong></span> <span class='ocrx_word' id='word_1_80' title='bbox 803 1383 985 1449; x_wconf 89' lang='lat' dir='ltr'><strong>Lucretium</strong></span> <span class='ocrx_word' id='word_1_81' title='bbox 1003 1383 1055 1465; x_wconf 92' lang='lat' dir='ltr'><strong>VI,</strong></span> <span class='ocrx_word' id='word_1_82' title='bbox 1075 1387 1133 1447; x_wconf 83' lang='grc'><strong>118</strong></span> <span class='ocrx_word' id='word_1_83' title='bbox 1157 1382 1272 1450; x_wconf 90' lang='lat' dir='ltr'><strong>eodem</strong></span> 
     </span>
     <span class='ocr_line' id='line_1_12' title="bbox 146 1482 1273 1568; baseline 0.004 -22"><span class='ocrx_word' id='word_1_84' title='bbox 146 1482 213 1547; x_wconf 88' lang='lat' dir='ltr'><strong>fere</strong></span> <span class='ocrx_word' id='word_1_85' title='bbox 237 1483 330 1547; x_wconf 93' lang='lat' dir='ltr'><strong>modo</strong></span> <span class='ocrx_word' id='word_1_86' title='bbox 353 1485 440 1568; x_wconf 91' lang='lat' dir='ltr'><strong>apud</strong></span> <span class='ocrx_word' id='word_1_87' title='bbox 465 1485 627 1550; x_wconf 93' lang='lat' dir='ltr'><strong>Catullum</strong></span> <span class='ocrx_word' id='word_1_88' title='bbox 645 1485 714 1568; x_wconf 87' lang='lat' dir='ltr'>VII,</span> <span class='ocrx_word' id='word_1_89' title='bbox 732 1491 749 1550; x_wconf 87' lang='lat'><strong>5</strong></span> <span class='ocrx_word' id='word_1_90' title='bbox 766 1486 907 1551; x_wconf 90' lang='lat' dir='ltr'><strong>oraclum</strong></span> <span class='ocrx_word' id='word_1_91' title='bbox 923 1485 1014 1552; x_wconf 90' lang='lat' dir='ltr'><strong>Jovis</strong></span> <span class='ocrx_word' id='word_1_92' title='bbox 1030 1485 1114 1552; x_wconf 91' lang='lat' dir='ltr'><strong>inter</strong></span> <span class='ocrx_word' id='word_1_93' title='bbox 1128 1485 1273 1551; x_wconf 82' lang='lat' dir='ltr'><strong>aestuosi</strong></span> 
     </span>
     <span class='ocr_line' id='line_1_13' title="bbox 147 1587 1273 1674; baseline 0.002 -24"><span class='ocrx_word' id='word_1_94' title='bbox 147 1591 178 1650; x_wconf 92' lang='grc'><strong>01</strong></span> <span class='ocrx_word' id='word_1_95' title='bbox 204 1587 295 1650; x_wconf 84' lang='lat' dir='ltr'><strong>Batti</strong></span> <span class='ocrx_word' id='word_1_96' title='bbox 325 1588 442 1652; x_wconf 87' lang='lat' dir='ltr'><strong>veteris</strong></span> <span class='ocrx_word' id='word_1_97' title='bbox 474 1609 601 1653; x_wconf 89' lang='lat' dir='ltr'><strong>sacrum</strong></span> <span class='ocrx_word' id='word_1_98' title='bbox 631 1589 821 1674; x_wconf 90' lang='lat' dir='ltr'><strong>sepulerum.</strong></span> <span class='ocrx_word' id='word_1_99' title='bbox 870 1590 909 1654; x_wconf 92' lang='lat' dir='ltr'><strong>In</strong></span> <span class='ocrx_word' id='word_1_100' title='bbox 937 1587 1089 1654; x_wconf 82' lang='lat' dir='ltr'><strong>Caesaris</strong></span> <span class='ocrx_word' id='word_1_101' title='bbox 1115 1606 1273 1653; x_wconf 91' lang='lat' dir='ltr'><strong>commen-</strong></span> 
     </span>
     <span class='ocr_line' id='line_1_14' title="bbox 151 1687 1274 1776; baseline 0.003 -24"><span class='ocrx_word' id='word_1_102' title='bbox 151 1687 244 1752; x_wconf 90' lang='lat' dir='ltr'><strong>tariis</strong></span> <span class='ocrx_word' id='word_1_103' title='bbox 266 1688 401 1771; x_wconf 83' lang='lat' dir='ltr'><strong>legimus</strong></span> <span class='ocrx_word' id='word_1_104' title='bbox 427 1706 525 1772; x_wconf 83' lang='lat' dir='ltr'><strong>„quos</strong></span> <span class='ocrx_word' id='word_1_105' title='bbox 547 1690 646 1755; x_wconf 90' lang='lat' dir='ltr'><strong>inter“</strong></span> <span class='ocrx_word' id='word_1_106' title='bbox 672 1690 830 1776; x_wconf 90' lang='lat' dir='ltr'><strong>(saepius)</strong></span> <span class='ocrx_word' id='word_1_107' title='bbox 853 1697 885 1756; x_wconf 95' lang='lat' dir='ltr'><strong>et</strong></span> <span class='ocrx_word' id='word_1_108' title='bbox 910 1710 1011 1768; x_wconf 86' lang='lat' dir='ltr'><strong>„saxa</strong></span> <span class='ocrx_word' id='word_1_109' title='bbox 1037 1691 1154 1775; x_wconf 85' lang='lat' dir='ltr'><strong>inter“‚</strong></span> <span class='ocrx_word' id='word_1_110' title='bbox 1184 1689 1274 1774; x_wconf 92' lang='lat' dir='ltr'><strong>apud</strong></span> 
     </span>
     <span class='ocr_line' id='line_1_15' title="bbox 149 1789 1274 1878; baseline 0.004 -24"><span class='ocrx_word' id='word_1_111' title='bbox 149 1789 299 1854; x_wconf 84' lang='lat' dir='ltr'><strong>Tacitum</strong></span> <span class='ocrx_word' id='word_1_112' title='bbox 322 1792 437 1875; x_wconf 89' lang='lat' dir='ltr'><strong>„inter“</strong></span> <span class='ocrx_word' id='word_1_113' title='bbox 459 1813 523 1857; x_wconf 90' lang='lat' dir='ltr'><strong>non</strong></span> <span class='ocrx_word' id='word_1_114' title='bbox 551 1811 624 1857; x_wconf 88' lang='lat' dir='ltr'><strong>raro</strong></span> <span class='ocrx_word' id='word_1_115' title='bbox 640 1794 851 1878; x_wconf 88' lang='lat' dir='ltr'><strong>postponitur.</strong></span> <span class='ocrx_word' id='word_1_116' title='bbox 895 1792 998 1858; x_wconf 83' lang='lat' dir='ltr'><strong>Simili</strong></span> <span class='ocrx_word' id='word_1_117' title='bbox 1018 1793 1112 1858; x_wconf 92' lang='lat' dir='ltr'><strong>modo</strong></span> <span class='ocrx_word' id='word_1_118' title='bbox 1134 1792 1274 1858; x_wconf 87' lang='lat' dir='ltr'><strong>utillud</strong></span> 
     </span>
     <span class='ocr_line' id='line_1_16' title="bbox 151 1893 1273 1979; baseline 0.005 -23"><span class='ocrx_word' id='word_1_119' title='bbox 151 1894 270 1970; x_wconf 82' lang='lat' dir='ltr'><strong>„inter“</strong></span> <span class='ocrx_word' id='word_1_120' title='bbox 290 1901 524 1978; x_wconf 89' lang='lat' dir='ltr'><strong>postponnutur</strong></span> <span class='ocrx_word' id='word_1_121' title='bbox 541 1916 561 1960; x_wconf 97' lang='lat' dir='ltr'><strong>a</strong></span> <span class='ocrx_word' id='word_1_122' title='bbox 578 1895 727 1960; x_wconf 90' lang='lat' dir='ltr'><strong>Lucretio</strong></span> <span class='ocrx_word' id='word_1_123' title='bbox 745 1904 812 1962; x_wconf 79' lang='grc'>0100</span> <span class='ocrx_word' id='word_1_124' title='bbox 827 1893 881 1979; x_wconf 89' lang='lat' dir='ltr'><strong>VI,</strong></span> <span class='ocrx_word' id='word_1_125' title='bbox 899 1898 990 1979; x_wconf 83' lang='lat'><strong>1210,</strong></span> <span class='ocrx_word' id='word_1_126' title='bbox 1006 1895 1273 1978; x_wconf 63' lang='lat' dir='ltr'><strong>ceutronicae.</strong></span> 
     </span>
     <span class='ocr_line' id='line_1_17' title="bbox 148 1996 1273 2083; baseline 0.002 -23"><span class='ocrx_word' id='word_1_127' title='bbox 148 1996 185 2060; x_wconf 94' lang='lat' dir='ltr'><strong>ln</strong></span> <span class='ocrx_word' id='word_1_128' title='bbox 218 1997 364 2061; x_wconf 91' lang='lat' dir='ltr'><strong>omnibus</strong></span> <span class='ocrx_word' id='word_1_129' title='bbox 398 1998 462 2062; x_wconf 92' lang='lat' dir='ltr'><strong>illis</strong></span> <span class='ocrx_word' id='word_1_130' title='bbox 494 1998 652 2083; x_wconf 89' lang='lat' dir='ltr'><strong>exemplis</strong></span> <span class='ocrx_word' id='word_1_131' title='bbox 685 1997 881 2082; x_wconf 85' lang='lat' dir='ltr'><strong>praepositio</strong></span> <span class='ocrx_word' id='word_1_132' title='bbox 920 1999 1076 2063; x_wconf 88' lang='lat' dir='ltr'><strong>collocata</strong></span> <span class='ocrx_word' id='word_1_133' title='bbox 1108 2003 1157 2063; x_wconf 90' lang='grc'><strong>001</strong></span> <span class='ocrx_word' id='word_1_134' title='bbox 1189 1997 1273 2062; x_wconf 89' lang='lat' dir='ltr'><strong>inter</strong></span> 
     </span>
     <span class='ocr_line' id='line_1_18' title="bbox 147 2091 1272 2185; baseline 0.003 -23"><span class='ocrx_word' id='word_1_135' title='bbox 147 2099 211 2163; x_wconf 90' lang='lat' dir='ltr'><strong>duo</strong></span> <span class='ocrx_word' id='word_1_136' title='bbox 234 2099 364 2164; x_wconf 92' lang='lat' dir='ltr'><strong>nomina</strong></span> <span class='ocrx_word' id='word_1_137' title='bbox 388 2099 609 2183; x_wconf 89' lang='lat' dir='ltr'><strong>conjunctione</strong></span> <span class='ocrx_word' id='word_1_138' title='bbox 633 2100 819 2185; x_wconf 78' lang='lat' dir='ltr'><strong>copulativa</strong></span> <span class='ocrx_word' id='word_1_139' title='bbox 840 2100 1011 2185; x_wconf 87' lang='lat' dir='ltr'><strong>conjuncta</strong></span> <span class='ocrx_word' id='word_1_140' title='bbox 1034 2119 1118 2183; x_wconf 90' lang='lat' dir='ltr'><strong>quae</strong></span> <span class='ocrx_word' id='word_1_141' title='bbox 1140 2091 1182 2164; x_wconf 87' lang='lat' dir='ltr'><strong>ab</strong></span> <span class='ocrx_word' id='word_1_142' title='bbox 1212 2099 1272 2165; x_wconf 89' lang='lat' dir='ltr'><strong>illa</strong></span> 
     </span>
     <span class='ocr_line' id='line_1_19' title="bbox 147 2201 296 2285; baseline 0.007 -20"><span class='ocrx_word' id='word_1_143' title='bbox 147 2201 296 2285; x_wconf 87' lang='lat' dir='ltr'><strong>pendent</strong></span> 
     </span>
    </p>

    <p class='ocr_par' dir='ltr' id='par_1_4' title="bbox 146 2303 1274 3208">
     <span class='ocr_line' id='line_1_20' title="bbox 232 2303 1272 2388; baseline 0.002 -22"><span class='ocrx_word' id='word_1_144' title='bbox 232 2303 422 2370; x_wconf 89' lang='lat' dir='ltr'><strong>Nominibus</strong></span> <span class='ocrx_word' id='word_1_145' title='bbox 463 2304 577 2388; x_wconf 93' lang='lat' dir='ltr'><strong>quibus</strong></span> <span class='ocrx_word' id='word_1_146' title='bbox 619 2305 766 2370; x_wconf 84' lang='lat' dir='ltr'><strong>Catullus</strong></span> <span class='ocrx_word' id='word_1_147' title='bbox 806 2305 840 2369; x_wconf 93' lang='lat' dir='ltr'><strong>in</strong></span> <span class='ocrx_word' id='word_1_148' title='bbox 877 2305 1072 2370; x_wconf 77' lang='lat' dir='ltr'><strong>carminibus</strong></span> <span class='ocrx_word' id='word_1_149' title='bbox 1109 2323 1187 2368; x_wconf 90' lang='lat' dir='ltr'><strong>usus</strong></span> <span class='ocrx_word' id='word_1_150' title='bbox 1222 2310 1272 2369; x_wconf 91' lang='grc'><strong>001</strong></span> 
     </span>
     <span class='ocr_line' id='line_1_21' title="bbox 146 2405 1273 2490; baseline 0.002 -21"><span class='ocrx_word' id='word_1_151' title='bbox 146 2405 335 2490; x_wconf 89' lang='lat' dir='ltr'><strong>plerumque</strong></span> <span class='ocrx_word' id='word_1_152' title='bbox 366 2406 606 2472; x_wconf 87' lang='lat' dir='ltr'><strong>attributionem</strong></span> <span class='ocrx_word' id='word_1_153' title='bbox 635 2405 771 2472; x_wconf 92' lang='lat' dir='ltr'><strong>addidit.</strong></span> <span class='ocrx_word' id='word_1_154' title='bbox 824 2406 1024 2490; x_wconf 87' lang='lat' dir='ltr'><strong>Praepositio</strong></span> <span class='ocrx_word' id='word_1_155' title='bbox 1054 2425 1095 2472; x_wconf 85' lang='lat' dir='ltr'><strong>ex</strong></span> <span class='ocrx_word' id='word_1_156' title='bbox 1118 2426 1183 2488; x_wconf 89' lang='lat' dir='ltr'><strong>qua</strong></span> <span class='ocrx_word' id='word_1_157' title='bbox 1205 2407 1273 2471; x_wconf 90' lang='lat' dir='ltr'><strong>tale</strong></span> 
     </span>
     <span class='ocr_line' id='line_1_22' title="bbox 147 2508 1274 2593; baseline 0.001 -21"><span class='ocrx_word' id='word_1_158' title='bbox 147 2509 382 2574; x_wconf 90' lang='lat' dir='ltr'><strong>substantivum</strong></span> <span class='ocrx_word' id='word_1_159' title='bbox 405 2529 595 2593; x_wconf 90' lang='lat' dir='ltr'><strong>suspensum</strong></span> <span class='ocrx_word' id='word_1_160' title='bbox 618 2515 667 2574; x_wconf 89' lang='lat' dir='ltr'><strong>est</strong></span> <span class='ocrx_word' id='word_1_161' title='bbox 689 2510 794 2575; x_wconf 90' lang='lat' dir='ltr'><strong>lucum</strong></span> <span class='ocrx_word' id='word_1_162' title='bbox 816 2509 914 2576; x_wconf 87' lang='lat' dir='ltr'><strong>habet</strong></span> <span class='ocrx_word' id='word_1_163' title='bbox 937 2515 994 2573; x_wconf 90' lang='lat' dir='ltr'><strong>aut</strong></span> <span class='ocrx_word' id='word_1_164' title='bbox 1020 2510 1103 2574; x_wconf 88' lang='lat' dir='ltr'><strong>iuter·</strong></span> <span class='ocrx_word' id='word_1_165' title='bbox 1130 2508 1274 2574; x_wconf 89' lang='lat' dir='ltr'><strong>substan·</strong></span> 
     </span>
     <span class='ocr_line' id='line_1_23' title="bbox 147 2611 1274 2693; baseline 0 -19"><span class='ocrx_word' id='word_1_166' title='bbox 147 2611 248 2676; x_wconf 92' lang='lat' dir='ltr'><strong>tivum</strong></span> <span class='ocrx_word' id='word_1_167' title='bbox 271 2613 465 2679; x_wconf 78' lang='lat' dir='ltr'><strong>antecedens</strong></span> <span class='ocrx_word' id='word_1_168' title='bbox 495 2620 527 2678; x_wconf 93' lang='lat' dir='ltr'><strong>et</strong></span> <span class='ocrx_word' id='word_1_169' title='bbox 556 2613 795 2679; x_wconf 89' lang='lat' dir='ltr'><strong>attributionem</strong></span> <span class='ocrx_word' id='word_1_170' title='bbox 828 2619 886 2676; x_wconf 89' lang='lat' dir='ltr'><strong>aut</strong></span> <span class='ocrx_word' id='word_1_171' title='bbox 915 2613 998 2678; x_wconf 89' lang='lat' dir='ltr'><strong>inter</strong></span> <span class='ocrx_word' id='word_1_172' title='bbox 1020 2611 1218 2693; x_wconf 87' lang='lat' dir='ltr'><strong>adjectivum</strong></span> <span class='ocrx_word' id='word_1_173' title='bbox 1241 2617 1274 2676; x_wconf 94' lang='lat' dir='ltr'><strong>et</strong></span> 
     </span>
     <span class='ocr_line' id='line_1_24' title="bbox 148 2712 1274 2799; baseline 0.002 -22"><span class='ocrx_word' id='word_1_174' title='bbox 148 2713 380 2779; x_wconf 86' lang='lat' dir='ltr'><strong>substantivum</strong></span> <span class='ocrx_word' id='word_1_175' title='bbox 405 2735 542 2799; x_wconf 90' lang='lat' dir='ltr'><strong>sequens</strong></span> <span class='ocrx_word' id='word_1_176' title='bbox 563 2713 677 2799; x_wconf 91' lang='lat' dir='ltr'><strong>(saepe</strong></span> <span class='ocrx_word' id='word_1_177' title='bbox 692 2721 860 2799; x_wconf 85' lang='lat' dir='ltr'><strong>praeterea</strong></span> <span class='ocrx_word' id='word_1_178' title='bbox 875 2715 962 2780; x_wconf 89' lang='lat' dir='ltr'><strong>aliae</strong></span> <span class='ocrx_word' id='word_1_179' title='bbox 976 2732 1071 2779; x_wconf 89' lang='lat' dir='ltr'><strong>voces</strong></span> <span class='ocrx_word' id='word_1_180' title='bbox 1086 2712 1274 2779; x_wconf 90' lang='lat' dir='ltr'><strong>interiectae</strong></span> 
     </span>
     <span class='ocr_line' id='line_1_25' title="bbox 147 2815 1274 2902; baseline 0.001 -23"><span class='ocrx_word' id='word_1_181' title='bbox 147 2817 236 2901; x_wconf 91' lang='lat' dir='ltr'><strong>sunt)</strong></span> <span class='ocrx_word' id='word_1_182' title='bbox 265 2824 322 2881; x_wconf 93' lang='lat' dir='ltr'><strong>aut</strong></span> <span class='ocrx_word' id='word_1_183' title='bbox 352 2823 426 2882; x_wconf 86' lang='lat' dir='ltr'><strong>ante</strong></span> <span class='ocrx_word' id='word_1_184' title='bbox 456 2817 652 2899; x_wconf 88' lang='lat' dir='ltr'><strong>adjectivum</strong></span> <span class='ocrx_word' id='word_1_185' title='bbox 682 2815 749 2901; x_wconf 89' lang='lat' dir='ltr'><strong>(vel</strong></span> <span class='ocrx_word' id='word_1_186' title='bbox 780 2836 968 2900; x_wconf 88' lang='lat' dir='ltr'><strong>pronomen,</strong></span> <span class='ocrx_word' id='word_1_187' title='bbox 995 2816 1178 2899; x_wconf 80' lang='lat' dir='ltr'><strong>genetivum</strong></span> <span class='ocrx_word' id='word_1_188' title='bbox 1201 2815 1274 2902; x_wconf 91' lang='lat' dir='ltr'><strong>etc.)</strong></span> 
     </span>
     <span class='ocr_line' id='line_1_26' title="bbox 148 2917 1273 3003; baseline 0.001 -21"><span class='ocrx_word' id='word_1_189' title='bbox 148 2918 233 3000; x_wconf 91' lang='lat' dir='ltr'><strong>quod</strong></span> <span class='ocrx_word' id='word_1_190' title='bbox 267 2919 455 3003; x_wconf 91' lang='lat' dir='ltr'><strong>plerumque</strong></span> <span class='ocrx_word' id='word_1_191' title='bbox 491 2919 652 2984; x_wconf 91' lang='lat' dir='ltr'><strong>nonnullis</strong></span> <span class='ocrx_word' id='word_1_192' title='bbox 682 2918 787 2984; x_wconf 91' lang='lat' dir='ltr'><strong>verbis</strong></span> <span class='ocrx_word' id='word_1_193' title='bbox 818 2918 995 3002; x_wconf 86' lang='lat' dir='ltr'><strong>interjectis</strong></span> <span class='ocrx_word' id='word_1_194' title='bbox 1023 2939 1043 2983; x_wconf 98' lang='lat' dir='ltr'><strong>a</strong></span> <span class='ocrx_word' id='word_1_195' title='bbox 1073 2917 1273 2991; x_wconf 88' lang='lat' dir='ltr'><strong>substantivo</strong></span> 
     </span>
     <span class='ocr_line' id='line_1_27' title="bbox 148 3019 1274 3106; baseline 0.002 -22"><span class='ocrx_word' id='word_1_196' title='bbox 148 3020 351 3104; x_wconf 84' lang='lat' dir='ltr'><strong>disjungitur.</strong></span> <span class='ocrx_word' id='word_1_197' title='bbox 395 3023 481 3087; x_wconf 87' lang='lat' dir='ltr'><strong>Raro</strong></span> <span class='ocrx_word' id='word_1_198' title='bbox 504 3020 684 3087; x_wconf 90' lang='lat' dir='ltr'><strong>invenimus</strong></span> <span class='ocrx_word' id='word_1_199' title='bbox 706 3021 855 3106; x_wconf 84' lang='lat' dir='ltr'><strong>exempla</strong></span> <span class='ocrx_word' id='word_1_200' title='bbox 877 3019 991 3086; x_wconf 91' lang='lat' dir='ltr'><strong>utilia</strong></span> <span class='ocrx_word' id='word_1_201' title='bbox 1014 3020 1117 3101; x_wconf 90' lang='lat' dir='ltr'><strong>LXll,</strong></span> <span class='ocrx_word' id='word_1_202' title='bbox 1138 3021 1178 3084; x_wconf 78' lang='lat' dir='ltr'><strong>bt)</strong></span> <span class='ocrx_word' id='word_1_203' title='bbox 1202 3040 1274 3086; x_wconf 88' lang='lat' dir='ltr'><strong>cum</strong></span> 
     </span>
     <span class='ocr_line' id='line_1_28' title="bbox 147 3123 1012 3208; baseline 0.002 -22"><span class='ocrx_word' id='word_1_204' title='bbox 147 3123 207 3188; x_wconf 90' lang='grc'>1011</span> <span class='ocrx_word' id='word_1_205' title='bbox 231 3123 367 3208; x_wconf 84' lang='lat' dir='ltr'><strong>conjuge</strong></span> <span class='ocrx_word' id='word_1_206' title='bbox 389 3124 441 3190; x_wconf 90' lang='lat' dir='ltr'><strong>vel</strong></span> <span class='ocrx_word' id='word_1_207' title='bbox 464 3124 574 3189; x_wconf 92' lang='lat' dir='ltr'>LXIII</span> <span class='ocrx_word' id='word_1_208' title='bbox 596 3143 654 3208; x_wconf 92' lang='lat' dir='ltr'><strong>per</strong></span> <span class='ocrx_word' id='word_1_209' title='bbox 676 3142 779 3208; x_wconf 89' lang='lat' dir='ltr'><strong>opaca</strong></span> <span class='ocrx_word' id='word_1_210' title='bbox 801 3142 933 3189; x_wconf 91' lang='lat' dir='ltr'><strong>nemora</strong></span> <span class='ocrx_word' id='word_1_211' title='bbox 954 3129 1012 3188; x_wconf 87' lang='lat' dir='ltr'><strong>etc.</strong></span> 
     </span>
    </p>

    <p class='ocr_par' dir='ltr' id='par_1_5' title="bbox 147 3224 1276 4333">
     <span class='ocr_line' id='line_1_29' title="bbox 232 3224 1275 3310; baseline 0 -20"><span class='ocrx_word' id='word_1_212' title='bbox 232 3227 279 3290; x_wconf 89' lang='lat' dir='ltr'><strong>Ae</strong></span> <span class='ocrx_word' id='word_1_213' title='bbox 307 3225 444 3310; x_wconf 91' lang='lat' dir='ltr'><strong>primum</strong></span> <span class='ocrx_word' id='word_1_214' title='bbox 476 3225 605 3308; x_wconf 89' lang='lat' dir='ltr'><strong>quidem</strong></span> <span class='ocrx_word' id='word_1_215' title='bbox 637 3225 794 3292; x_wconf 90' lang='lat' dir='ltr'><strong>disseram</strong></span> <span class='ocrx_word' id='word_1_216' title='bbox 823 3224 863 3291; x_wconf 92' lang='lat' dir='ltr'><strong>de</strong></span> <span class='ocrx_word' id='word_1_217' title='bbox 897 3225 977 3291; x_wconf 92' lang='lat' dir='ltr'><strong>locis</strong></span> <span class='ocrx_word' id='word_1_218' title='bbox 1007 3225 1062 3291; x_wconf 93' lang='lat' dir='ltr'><strong>ubi</strong></span> <span class='ocrx_word' id='word_1_219' title='bbox 1091 3225 1174 3292; x_wconf 84' lang='lat' dir='ltr'><strong>inter</strong></span> <span class='ocrx_word' id='word_1_220' title='bbox 1204 3225 1275 3290; x_wconf 84' lang='lat' dir='ltr'><strong>sub</strong></span> 
     </span>
     <span class='ocr_line' id='line_1_30' title="bbox 149 3327 1273 3412; baseline -0.001 -20"><span class='ocrx_word' id='word_1_221' title='bbox 149 3328 325 3393; x_wconf 89' lang='lat' dir='ltr'><strong>stantivum</strong></span> <span class='ocrx_word' id='word_1_222' title='bbox 356 3328 551 3394; x_wconf 85' lang='lat' dir='ltr'><strong>antecedens</strong></span> <span class='ocrx_word' id='word_1_223' title='bbox 582 3334 613 3394; x_wconf 91' lang='lat' dir='ltr'><strong>et</strong></span> <span class='ocrx_word' id='word_1_224' title='bbox 639 3327 837 3411; x_wconf 86' lang='lat' dir='ltr'><strong>adjectivum</strong></span> <span class='ocrx_word' id='word_1_225' title='bbox 867 3330 919 3394; x_wconf 90' lang='lat' dir='ltr'><strong>vel</strong></span> <span class='ocrx_word' id='word_1_226' title='bbox 941 3348 1115 3412; x_wconf 88' lang='lat' dir='ltr'><strong>pronomen</strong></span> <span class='ocrx_word' id='word_1_227' title='bbox 1138 3347 1273 3412; x_wconf 82' lang='lat' dir='ltr'><strong>praepo</strong></span> 
     </span>
     <span class='ocr_line' id='line_1_31' title="bbox 148 3429 1271 3514; baseline -0.003 -20"><span class='ocrx_word' id='word_1_228' title='bbox 148 3429 222 3495; x_wconf 93' lang='lat' dir='ltr'><strong>sitio</strong></span> <span class='ocrx_word' id='word_1_229' title='bbox 245 3430 350 3495; x_wconf 90' lang='lat' dir='ltr'><strong>locum</strong></span> <span class='ocrx_word' id='word_1_230' title='bbox 374 3429 477 3496; x_wconf 91' lang='lat' dir='ltr'><strong>habet.</strong></span> <span class='ocrx_word' id='word_1_231' title='bbox 521 3431 686 3496; x_wconf 90' lang='lat' dir='ltr'><strong>Interdum</strong></span> <span class='ocrx_word' id='word_1_232' title='bbox 716 3430 800 3496; x_wconf 89' lang='lat' dir='ltr'><strong>inter</strong></span> <span class='ocrx_word' id='word_1_233' title='bbox 826 3430 1061 3496; x_wconf 88' lang='lat' dir='ltr'><strong>substantivum</strong></span> <span class='ocrx_word' id='word_1_234' title='bbox 1085 3437 1117 3495; x_wconf 90' lang='lat' dir='ltr'><strong>et</strong></span> <span class='ocrx_word' id='word_1_235' title='bbox 1139 3448 1271 3514; x_wconf 86' lang='lat' dir='ltr'><strong>praepo·</strong></span> 
     </span>
     <span class='ocr_line' id='line_1_32' title="bbox 148 3530 1272 3616; baseline -0.004 -19"><span class='ocrx_word' id='word_1_236' title='bbox 148 3533 295 3598; x_wconf 90' lang='lat' dir='ltr'><strong>sitionem</strong></span> <span class='ocrx_word' id='word_1_237' title='bbox 332 3533 520 3599; x_wconf 88' lang='lat' dir='ltr'><strong>vocabulum</strong></span> <span class='ocrx_word' id='word_1_238' title='bbox 557 3534 719 3616; x_wconf 88' lang='lat' dir='ltr'><strong>quoddam</strong></span> <span class='ocrx_word' id='word_1_239' title='bbox 756 3532 960 3615; x_wconf 88' lang='lat' dir='ltr'><strong>interjectum</strong></span> <span class='ocrx_word' id='word_1_240' title='bbox 997 3538 1054 3598; x_wconf 90' lang='lat' dir='ltr'><strong>est.</strong></span> <span class='ocrx_word' id='word_1_241' title='bbox 1114 3530 1272 3614; x_wconf 77' lang='lat' dir='ltr'><strong>Exempla</strong></span> 
     </span>
     <span class='ocr_line' id='line_1_33' title="bbox 149 3633 1272 3720; baseline -0.004 -19"><span class='ocrx_word' id='word_1_242' title='bbox 149 3635 268 3701; x_wconf 91' lang='lat' dir='ltr'><strong>Catulli</strong></span> <span class='ocrx_word' id='word_1_243' title='bbox 290 3636 370 3701; x_wconf 89' lang='lat' dir='ltr'><strong>haee</strong></span> <span class='ocrx_word' id='word_1_244' title='bbox 391 3641 480 3701; x_wconf 91' lang='lat' dir='ltr'><strong>sunt:</strong></span> <span class='ocrx_word' id='word_1_245' title='bbox 504 3636 638 3720; x_wconf 87' lang='lat' dir='ltr'>XVII,3</span> <span class='ocrx_word' id='word_1_246' title='bbox 662 3635 799 3701; x_wconf 89' lang='lat' dir='ltr'><strong>aosuleis</strong></span> <span class='ocrx_word' id='word_1_247' title='bbox 820 3673 863 3681; x_wconf 93' lang='lat'>-</span> <span class='ocrx_word' id='word_1_248' title='bbox 884 3636 918 3698; x_wconf 93' lang='lat' dir='ltr'><strong>in</strong></span> <span class='ocrx_word' id='word_1_249' title='bbox 940 3633 1092 3700; x_wconf 91' lang='lat' dir='ltr'><strong>redivivis</strong></span> <span class='ocrx_word' id='word_1_250' title='bbox 1115 3633 1272 3715; x_wconf 80' lang='lat' dir='ltr'>XXXI,9</span> 
     </span>
     <span class='ocr_line' id='line_1_34' title="bbox 148 3736 1275 3821; baseline 0 -21"><span class='ocrx_word' id='word_1_251' title='bbox 148 3738 249 3803; x_wconf 90' lang='lat' dir='ltr'><strong>larem</strong></span> <span class='ocrx_word' id='word_1_252' title='bbox 273 3739 316 3802; x_wconf 90' lang='lat' dir='ltr'><strong>ad</strong></span> <span class='ocrx_word' id='word_1_253' title='bbox 339 3743 481 3803; x_wconf 92' lang='lat' dir='ltr'><strong>nostrum</strong></span> <span class='ocrx_word' id='word_1_254' title='bbox 498 3739 602 3821; x_wconf 83' lang='lat' dir='ltr'>L11,2</span> <span class='ocrx_word' id='word_1_255' title='bbox 626 3737 706 3803; x_wconf 89' lang='lat' dir='ltr'><strong>sella</strong></span> <span class='ocrx_word' id='word_1_256' title='bbox 730 3737 762 3801; x_wconf 92' lang='lat' dir='ltr'><strong>in</strong></span> <span class='ocrx_word' id='word_1_257' title='bbox 785 3737 887 3802; x_wconf 90' lang='lat' dir='ltr'><strong>curuli</strong></span> <span class='ocrx_word' id='word_1_258' title='bbox 903 3737 988 3819; x_wconf 88' lang='lat' dir='ltr'>LXI,</span> <span class='ocrx_word' id='word_1_259' title='bbox 1007 3738 1066 3801; x_wconf 81' lang='lat'><strong>159</strong></span> <span class='ocrx_word' id='word_1_260' title='bbox 1082 3736 1188 3802; x_wconf 91' lang='lat' dir='ltr'><strong>omine</strong></span> <span class='ocrx_word' id='word_1_261' title='bbox 1203 3755 1275 3800; x_wconf 90' lang='lat' dir='ltr'><strong>cum</strong></span> 
     </span>
     <span class='ocr_line' id='line_1_35' title="bbox 148 3836 1276 3924; baseline -0.003 -19"><span class='ocrx_word' id='word_1_262' title='bbox 148 3840 230 3905; x_wconf 91' lang='lat' dir='ltr'><strong>bono</strong></span> <span class='ocrx_word' id='word_1_263' title='bbox 260 3841 353 3924; x_wconf 89' lang='lat' dir='ltr'>LXI,</span> <span class='ocrx_word' id='word_1_264' title='bbox 377 3843 438 3902; x_wconf 78' lang='lat'><strong>215</strong></span> <span class='ocrx_word' id='word_1_265' title='bbox 462 3840 589 3905; x_wconf 89' lang='lat' dir='ltr'><strong>inscieis</strong></span> <span class='ocrx_word' id='word_1_266' title='bbox 612 3877 652 3887; x_wconf 88' lang='lat'><em>-</em></span> <span class='ocrx_word' id='word_1_267' title='bbox 676 3839 717 3906; x_wconf 90' lang='lat' dir='ltr'><strong>ab</strong></span> <span class='ocrx_word' id='word_1_268' title='bbox 740 3839 886 3905; x_wconf 93' lang='lat' dir='ltr'><strong>omnibus</strong></span> <span class='ocrx_word' id='word_1_269' title='bbox 905 3840 1054 3922; x_wconf 91' lang='lat' dir='ltr'>LXIIII,</span> <span class='ocrx_word' id='word_1_270' title='bbox 1077 3841 1117 3904; x_wconf 79' lang='grc'><strong>18</strong></span> <span class='ocrx_word' id='word_1_271' title='bbox 1145 3836 1276 3904; x_wconf 87' lang='lat' dir='ltr'><strong>sedibus</strong></span> 
     </span>
     <span class='ocr_line' id='line_1_36' title="bbox 147 3940 1274 4028; baseline -0.003 -22"><span class='ocrx_word' id='word_1_272' title='bbox 147 3942 180 4006; x_wconf 92' lang='lat' dir='ltr'><strong>in</strong></span> <span class='ocrx_word' id='word_1_273' title='bbox 205 3941 319 4007; x_wconf 90' lang='lat' dir='ltr'><strong>mediis</strong></span> <span class='ocrx_word' id='word_1_274' title='bbox 342 3941 470 4028; x_wconf 84' lang='lat' dir='ltr'><strong>(Cicero</strong></span> <span class='ocrx_word' id='word_1_275' title='bbox 501 3946 533 4007; x_wconf 92' lang='lat' dir='ltr'><strong>et</strong></span> <span class='ocrx_word' id='word_1_276' title='bbox 555 3941 691 4025; x_wconf 89' lang='lat' dir='ltr'><strong>Caesar,</strong></span> <span class='ocrx_word' id='word_1_277' title='bbox 722 3940 749 4005; x_wconf 93' lang='lat' dir='ltr'><strong>si</strong></span> <span class='ocrx_word' id='word_1_278' title='bbox 774 3940 935 4022; x_wconf 63' lang='lat' dir='ltr'><strong>„medium</strong></span> <span class='ocrx_word' id='word_1_279' title='bbox 970 3960 1041 4006; x_wconf 90' lang='lat' dir='ltr'><strong>oum</strong></span> <span class='ocrx_word' id='word_1_280' title='bbox 1073 3940 1274 4007; x_wconf 90' lang='lat' dir='ltr'><strong>substantivo</strong></span> 
     </span>
     <span class='ocr_line' id='line_1_37' title="bbox 148 4042 1276 4129; baseline -0.001 -21"><span class='ocrx_word' id='word_1_281' title='bbox 148 4044 344 4128; x_wconf 85' lang='lat' dir='ltr'><strong>conjungunt</strong></span> <span class='ocrx_word' id='word_1_282' title='bbox 374 4063 540 4126; x_wconf 89' lang='lat' dir='ltr'><strong>nunquam</strong></span> <span class='ocrx_word' id='word_1_283' title='bbox 570 4043 838 4129; x_wconf 90' lang='lat' dir='ltr'><strong>praepositionem</strong></span> <span class='ocrx_word' id='word_1_284' title='bbox 875 4043 1096 4129; x_wconf 89' lang='lat' dir='ltr'><strong>interponunt,</strong></span> <span class='ocrx_word' id='word_1_285' title='bbox 1127 4042 1276 4110; x_wconf 80' lang='lat' dir='ltr'><strong>Catullus</strong></span> 
     </span>
     <span class='ocr_line' id='line_1_38' title="bbox 147 4144 1274 4238; baseline -0.003 -27"><span class='ocrx_word' id='word_1_286' title='bbox 147 4146 280 4238; x_wconf 75' lang='lat' dir='ltr'><strong>„mediis</strong></span> <span class='ocrx_word' id='word_1_287' title='bbox 296 4146 328 4210; x_wconf 88' lang='lat' dir='ltr'><strong>in</strong></span> <span class='ocrx_word' id='word_1_288' title='bbox 345 4146 462 4230; x_wconf 87' lang='lat' dir='ltr'><strong>undis“,</strong></span> <span class='ocrx_word' id='word_1_289' title='bbox 477 4145 527 4230; x_wconf 90' lang='lat' dir='ltr'><strong>„in</strong></span> <span class='ocrx_word' id='word_1_290' title='bbox 543 4145 649 4211; x_wconf 91' lang='lat' dir='ltr'><strong>medio</strong></span> <span class='ocrx_word' id='word_1_291' title='bbox 672 4144 814 4210; x_wconf 89' lang='lat' dir='ltr'><strong>turbine“</strong></span> <span class='ocrx_word' id='word_1_292' title='bbox 830 4151 887 4211; x_wconf 90' lang='lat' dir='ltr'><strong>etc.</strong></span> <span class='ocrx_word' id='word_1_293' title='bbox 903 4144 1044 4232; x_wconf 88' lang='lat' dir='ltr'><strong>scripsit)</strong></span> <span class='ocrx_word' id='word_1_294' title='bbox 1059 4145 1197 4229; x_wconf 87' lang='lat' dir='ltr'>LXIIII,</span> <span class='ocrx_word' id='word_1_295' title='bbox 1215 4146 1274 4208; x_wconf 84' lang='grc'><strong>198</strong></span> 
     </span>
     <span class='ocr_line' id='line_1_39' title="bbox 148 4246 1276 4333; baseline -0.002 -19"><span class='ocrx_word' id='word_1_296' title='bbox 148 4255 276 4332; x_wconf 85' lang='lat' dir='ltr'><strong>pectore</strong></span> <span class='ocrx_word' id='word_1_297' title='bbox 306 4248 347 4313; x_wconf 89' lang='lat' dir='ltr'><strong>ab</strong></span> <span class='ocrx_word' id='word_1_298' title='bbox 378 4248 442 4313; x_wconf 92' lang='lat' dir='ltr'><strong>imo</strong></span> <span class='ocrx_word' id='word_1_299' title='bbox 471 4248 813 4333; x_wconf 83' lang='lat' dir='ltr'><strong>LXIIII‚251parte</strong></span> <span class='ocrx_word' id='word_1_300' title='bbox 842 4267 881 4314; x_wconf 87' lang='lat' dir='ltr'><strong>ex</strong></span> <span class='ocrx_word' id='word_1_301' title='bbox 911 4248 978 4315; x_wconf 88' lang='lat' dir='ltr'><strong>alia</strong></span> <span class='ocrx_word' id='word_1_302' title='bbox 1005 4246 1204 4333; x_wconf 87' lang='lat' dir='ltr'><strong>[Rejicienda</strong></span> <span class='ocrx_word' id='word_1_303' title='bbox 1226 4251 1276 4314; x_wconf 86' lang='lat' dir='ltr'><strong>est</strong></span> 
     </span>
    </p>
   </div>
   <div class='ocr_carea' id='block_1_4' title="bbox 0 0 1420 4762">
    <p class='ocr_par' dir='ltr' id='par_1_6' title="bbox 0 0 1420 4762">
     <span class='ocr_line' id='line_1_40' title="bbox 0 0 1420 4762; baseline 0 0"><span class='ocrx_word' id='word_1_304' title='bbox 0 0 1420 4762; x_wconf 95' lang='lat' dir='ltr'><strong> </strong></span> 
     </span>
    </p>
   </div>
  </div>
 </body>
</html>
