2828 4762
143 270 183 331 56

142 437 218 503 sitio
248 439 290 502 ab
322 443 454 520 utroque
484 443 581 520 poeta
612 443 793 521 usurpatur.
838 437 874 519 V,
889 441 966 502 ost:
988 437 1029 502 de
1050 438 1147 522 longo
1170 458 1270 503 cursu

142 541 190 605 sol
212 538 325 605 ultima
348 539 429 606 caeli
444 539 578 624 impulit.
622 540 808 604 Formulam
827 540 885 619 „de
900 539 1022 604 6611116α
1045 540 1093 606 his
1107 539 1271 606 habemus

141 645 284 726 11,2oo.
312 643 379 726 ΠΙ,
399 645 470 709 643.
522 642 569 708 Cf.
599 643 703 708 Hand.
733 645 824 709 'Pura
845 643 878 708 II
908 664 938 728 p.
958 645 1029 708 226.
1074 640 1270 709 Locutiones

143 744 217 809 illas
240 744 297 825 ,de
319 743 400 827 die“,
422 745 479 825 „de
500 748 610 810 nocte“
633 766 696 810 non
719 745 908 811 invenimus.
951 744 1097 827 Denique
1118 744 1213 809 nobis
1232 745 1270 810 in

144 847 290 912 Lucretio
306 852 473 912 occurrunt
488 847 675 914 locutiones:
691 867 774 931 „qua
790 847 829 913 de
844 848 960 912 causa“
975 847 1044 933 (VI,
1055 846 1109 926 85)
1125 853 1170 913 et:
1184 846 1270 930 „hac

143 948 185 1016 de
211 949 328 1015 cansa“
351 948 420 1034 (VI,
442 949 529 1036 204).
572 950 668 1036 Apud
692 951 852 1016 Catullum
876 951 940 1016 tale
963 950 1040 1033 quid
1063 970 1126 1014 non
1148 955 1270 1015 exstat.

144 1052 298 1118 Omittere
326 1054 401 1117 nolo
430 1053 596 1117 formulam
626 1054 716 1118 illam
740 1052 796 1134 „de
818 1057 927 1136 parte“
949 1072 1033 1136 quae
1055 1071 1154 1137 saepe
1176 1073 1269 1118 usur-

144 1159 239 1240 patur
261 1155 304 1220 ad
326 1155 486 1239 regionem
510 1155 674 1239 quandam
698 1150 922 1222 denotandam.
965 1158 1026 1220 Pro
1049 1153 1203 1219 adverbio
1219 1154 1270 1220 in·

144 1257 291 1322 venimus
314 1257 400 1342 apud
415 1259 507 1323 Luor.
523 1258 547 1339 I,
563 1261 625 1321 412
648 1258 706 1339 „de
724 1258 839 1342 plano“
862 1258 947 1343 (pro:
964 1258 1093 1343 ,‚plane“
1115 1257 1135 1322 i.
1148 1276 1175 1323 e.
1191 1257 1269 1323 sim·
1298 1259 1301 1264 ’

144 1359 268 1444 pliciter
290 1380 329 1425 sc
351 1360 461 1447 nude).
513 1361 559 1426 cf.
589 1361 630 1427 de
652 1361 712 1427 hoc
734 1362 885 1445 loquendi
908 1382 967 1427 usu
990 1360 1095 1427 Hand.
1116 1363 1209 1428 Turs
1223 1361 1271 1442 Π,

144 1464 207 1526 226
230 1468 261 1528 et
286 1463 434 1547 Draeger.
457 1464 497 1530 H.
512 1463 543 1529 S.
565 1463 608 1529 ad
632 1464 688 1528 DE
711 1465 766 1531 Nr.
782 1467 810 1529 9.

230 1583 380 1648 Fortasse
402 1583 498 1648 etiam
515 1585 681 1648 Lucretius
697 1584 771 1664 „de“
795 1604 865 1650 curn
889 1583 1123 1668 significatione
1137 1603 1269 1665 „seeun-

145 1682 238 1749 dum“
261 1684 415 1750 adhibuit.
459 1685 595 1750 Codices
617 1686 748 1751 tradunt
770 1687 815 1770 V,
837 1691 896 1751 154
919 1694 1047 1768 „tenues
1070 1687 1111 1752 de
1132 1707 1270 1772 corpore

144 1791 271 1853 eorum“
283 1791 315 1872 ¹).
358 1786 593 1870 Lachmannus,
616 1810 687 1853 oum
710 1789 768 1854 hoc
791 1789 821 1855 ei
843 1809 938 1855 sensu
961 1809 1070 1855 carere
1095 1789 1271 1874 videretur,

145 1890 327 1974 suspicatus
355 1896 404 1956 est
426 1898 554 1975 poetam
577 1891 758 1976 scripsisse:
788 1898 914 1957 tenuest
942 1891 968 1956 si
996 1890 1102 1976 corpu'
1124 1891 1269 1960 deorum.

229 2010 296 2076 Ex.
341 2011 411 2075 Hac
432 2011 466 2075 in
488 2031 523 2076 re
546 2012 711 2077 Lucretius
734 2012 862 2077 omnino
890 2032 960 2077 curn
984 2010 1110 2078 Catullo
1134 2030 1268 2091 consen·

113 2122 117 2131 “
144 2113 205 2178 tire
227 2113 361 2178 videtur.
404 2113 573 2179 Notandae
594 2114 687 2179 modo
703 2123 777 2179 sunt
791 2114 962 2180 formulae:
985 2114 1101 2198 quibus
1116 2134 1134 2179 e
1149 2114 1269 2199 causis,

145 2234 334 2299 quacunque
364 2235 382 2281 6
411 2235 512 2281 causa
542 2216 595 2301 (cf.
624 2217 664 2282 H.
690 2241 720 2302 p.
743 2215 812 2301 66),
848 2237 932 2299 6666
964 2217 1051 2302 apud
1080 2215 1266 2282 Lucretium

145 2318 266 2402 passim
297 2323 440 2400 exstant,
480 2319 568 2402 apud
599 2320 761 2384 Catullum
792 2339 856 2383 non
885 2319 1097 2384 inveniuntur.
1157 2318 1267 2385 Semel

37 2489 41 2498 ,
144 2422 282 2485 fortasse
304 2421 473 2487 Lucretius
495 2424 568 2502 „ex“
591 2421 631 2487 de
653 2420 862 2488 instrumento
885 2422 982 2488 dixit:
1004 2423 1061 2500 VI,
1081 2424 1160 2485 1612
1184 2441 1266 2503 „quo

145 2523 269 2588 ducitur
291 2543 332 2589 ex
354 2523 544 2589 elementis“.
587 2524 640 2589 Ita
654 2523 881 2589 Lachmannus
903 2544 996 2608 quern
1019 2523 1094 2589 vide
1115 2524 1159 2587 ad
1181 2522 1267 2589 hunc

143 2626 256 2691 locum.
300 2625 495 2712 Bernaysiu's
518 2627 779 2708 ,6661666666ιι
802 2627 891 2692 uncis
913 2626 1055 2692 includit.

233 2747 328 2813 Prae
351 2747 437 2831 apud
461 2753 629 2831 utrumque
651 2755 779 2832 poetam
804 2747 1067 2831 significationem
1089 2746 1190 2813 habet
1203 2745 1267 2810 loci

145 2849 237 2913 Lucr.
252 2840 306 2931 IV,
322 2851 383 2912 286
407 2850 444 2932 V,
463 2852 564 2916 1310.
595 2852 643 2916 De
665 2850 865 2935 praestantia
889 2851 1007 2918 dictam
1030 2849 1113 2915 hanc
1128 2849 1267 2934 particu-

144 2951 210 3015 lam
240 2950 328 3036 apud
355 2945 536 3016 Lucretium
568 2973 631 3016 non
652 2951 847 3034 invenimus,
874 2975 895 3018 a
927 2952 1052 3018 Catullo
1084 2951 1193 3016 aliena
1215 2958 1266 3016 est

145 3051 335 3135 significatio
358 3072 477 3118 causae
499 3053 532 3117 in
555 3054 713 3119 sententia
735 3054 896 3135 negativa.
940 3055 1064 3121 Lucret.
1086 3053 1140 3136 IV,
1167 3055 1265 3120 1167:

144 3175 234 3236 „oum
257 3156 366 3222 vivere
388 3176 452 3221 non
475 3155 543 3238 quit
564 3175 642 3240 prae
665 3155 794 3222 macie“.

231 3276 315 3342 Pro.
353 3275 552 3360 Praepositio
575 3296 631 3359 pro
655 3274 837 3340 aLucretio
859 3275 996 3360 primurn
1019 3276 1133 3341 dicitur
1155 3275 1195 3341 de
1217 3294 1265 3341 re·

146 3377 378 3458 muneratione,
405 3377 522 3442 deinde
544 3376 716 3460 significat:
744 3377 861 3458 „instar
883 3378 1018 3443 alicuius
1040 3378 1104 3444 rei‘
1126 3378 1265 3460 denique

145 3480 231 3546 idem
257 3486 306 3546 est
332 3480 418 3562 quod
448 3480 655 3561 „seeundum“
678 3480 740 3564 (II,
756 3483 814 3544 321
840 3501 898 3565 pro
921 3480 1113 3565 ponderibus
1135 3482 1159 3547 1.-
1169 3500 1195 3546 6.
1216 3500 1265 3544 ra·

145 3587 231 3648 tione
252 3582 423 3667 gravitatis
446 3583 499 3665 VI,
518 3583 598 3646 1286
619 3602 677 3666 pro
700 3603 735 3647 re
757 3582 838 3669 etc).
882 3584 930 3649 De
946 3583 1014 3648 loco
1036 3583 1155 3649 dictum
1171 3585 1263 3667 ,‚pr0“

144 3703 249 3767 neque
278 3683 364 3769 apud
397 3683 578 3750 Lucretium
608 3703 712 3766 neque
741 3684 828 3770 apud
859 3685 1022 3752 Catullum
1050 3692 1164 3751 exstat
1215 3683 1264 3751 Oi.

136 3787 248 3863 4Η6116.
270 3806 293 3851 s.
309 3807 339 3870 p.
355 3786 414 3853 sl.
435 3807 464 3870 p.
482 3789 551 3852 346.

230 3906 280 3970 De
301 3905 481 3987 commodo,
507 3912 541 3970 ut
568 3907 655 3990 apud
678 3906 854 3991 Catullum,
876 3908 986 3973 autin
1009 3907 1168 3973 locutione
1191 3927 1263 3990 „pu-

145 4027 245 4091 gnare
266 4011 342 4092 pro“
364 4029 428 4073 non
449 4008 609 4073 invenitur·
631 4009 710 4075 baec
732 4010 928 4094 praepositio
951 4009 983 4074 in
1006 4009 1096 4075 libris
1112 4009 1263 4076 Lucretii.

233 4250 252 4310 ¹)
271 4244 313 4300 Cf.
333 4246 519 4300 Bouterwcck
538 4245 686 4314 (Philolog.
705 4243 848 4316 Anneiger
870 4252 933 4301 1612
952 4248 1001 4302 No.
1016 4252 1050 4314 1).
