<?xml version="1.0" encoding="UTF-8"?>
<!DOCTYPE html PUBLIC "-//W3C//DTD XHTML 1.0 Transitional//EN"
    "http://www.w3.org/TR/xhtml1/DTD/xhtml1-transitional.dtd">
<html xmlns="http://www.w3.org/1999/xhtml" xml:lang="en" lang="en">
 <head>
  <title>
</title>
<meta http-equiv="Content-Type" content="text/html;charset=utf-8" />
  <meta name='ocr-system' content='tesseract 3.04.00' />
  <meta name='ocr-capabilities' content='ocr_page ocr_carea ocr_par ocr_line ocrx_word'/>
</head>
<body>
  <div class='ocr_page' id='page_1' title='image "./departicularumu00dudegoog_0035.png"; bbox 0 0 2828 4762; ppageno 0'>
   <div class='ocr_carea' id='block_1_1' title="bbox 122 296 200 376">
    <p class='ocr_par' dir='ltr' id='par_1_1' title="bbox 122 296 200 376">
     <span class='ocr_line' id='line_1_1' title="bbox 122 296 200 376; baseline 0 0"><span class='ocrx_word' id='word_1_1' title='bbox 122 296 200 376; x_wconf 81' lang='lat' dir='ltr'>&#39;so</span> 
     </span>
    </p>
   </div>
   <div class='ocr_carea' id='block_1_2' title="bbox 157 448 1279 668">
    <p class='ocr_par' dir='ltr' id='par_1_2' title="bbox 157 448 1279 668">
     <span class='ocr_line' id='line_1_2' title="bbox 157 448 1279 564; baseline -0.004 -16"><span class='ocrx_word' id='word_1_2' title='bbox 157 483 354 564; x_wconf 82' lang='lat' dir='ltr'>Lxxvss‚a</span> <span class='ocrx_word' id='word_1_3' title='bbox 378 448 495 564; x_wconf 82' lang='lat' dir='ltr'>magno</span> <span class='ocrx_word' id='word_1_4' title='bbox 518 499 589 545; x_wconf 91' lang='lat' dir='ltr'>cum</span> <span class='ocrx_word' id='word_1_5' title='bbox 612 479 715 563; x_wconf 90' lang='lat' dir='ltr'>pretio</span> <span class='ocrx_word' id='word_1_6' title='bbox 737 485 835 562; x_wconf 89' lang='grc'><strong>61666</strong></span> <span class='ocrx_word' id='word_1_7' title='bbox 858 481 952 545; x_wconf 88' lang='lat' dir='ltr'>malo.</span> <span class='ocrx_word' id='word_1_8' title='bbox 975 517 1018 526; x_wconf 93' lang='lat'><em>-</em></span> <span class='ocrx_word' id='word_1_9' title='bbox 1039 481 1130 546; x_wconf 88' lang='lat' dir='ltr'>Haec</span> <span class='ocrx_word' id='word_1_10' title='bbox 1152 499 1279 563; x_wconf 91' lang='grc'><strong>666666</strong></span> 
     </span>
     <span class='ocr_line' id='line_1_3' title="bbox 157 582 1009 668; baseline -0.001 -17"><span class='ocrx_word' id='word_1_11' title='bbox 157 584 348 668; x_wconf 82' lang='lat' dir='ltr'>significatio</span> <span class='ocrx_word' id='word_1_12' title='bbox 372 604 412 649; x_wconf 82' lang='lat' dir='ltr'>cx</span> <span class='ocrx_word' id='word_1_13' title='bbox 434 584 606 648; x_wconf 76' lang='lat' dir='ltr'><strong>comitatus</strong></span> <span class='ocrx_word' id='word_1_14' title='bbox 629 582 759 647; x_wconf 89' lang='lat' dir='ltr'>notione</span> <span class='ocrx_word' id='word_1_15' title='bbox 781 583 931 648; x_wconf 88' lang='lat' dir='ltr'>derivata</span> <span class='ocrx_word' id='word_1_16' title='bbox 952 589 1009 650; x_wconf 88' lang='lat' dir='ltr'>est.</span> 
     </span>
    </p>
   </div>
   <div class='ocr_carea' id='block_1_3' title="bbox 152 702 1335 1833">
    <p class='ocr_par' dir='ltr' id='par_1_3' title="bbox 154 702 1278 1200">
     <span class='ocr_line' id='line_1_4' title="bbox 244 702 1277 787; baseline -0.003 -18"><span class='ocrx_word' id='word_1_17' title='bbox 244 709 292 770; x_wconf 92' lang='grc'>11.</span> <span class='ocrx_word' id='word_1_18' title='bbox 314 705 376 769; x_wconf 91' lang='lat' dir='ltr'>Pro</span> <span class='ocrx_word' id='word_1_19' title='bbox 392 702 535 769; x_wconf 88' lang='lat' dir='ltr'>ablativo</span> <span class='ocrx_word' id='word_1_20' title='bbox 551 702 752 767; x_wconf 80' lang='lat' dir='ltr'>instrumenti</span> <span class='ocrx_word' id='word_1_21' title='bbox 766 703 869 767; x_wconf 91' lang='lat' dir='ltr'>locum</span> <span class='ocrx_word' id='word_1_22' title='bbox 885 702 982 769; x_wconf 88' lang='lat' dir='ltr'>habet</span> <span class='ocrx_word' id='word_1_23' title='bbox 998 726 1077 770; x_wconf 86' lang='lat' dir='ltr'>com:</span> <span class='ocrx_word' id='word_1_24' title='bbox 1097 704 1277 787; x_wconf 82' lang='lat' dir='ltr'>xovl11‚3</span> 
     </span>
     <span class='ocr_line' id='line_1_5' title="bbox 156 805 1276 889; baseline -0.003 -17"><span class='ocrx_word' id='word_1_25' title='bbox 156 809 220 873; x_wconf 91' lang='grc'><strong>1616</strong></span> <span class='ocrx_word' id='word_1_26' title='bbox 249 826 320 871; x_wconf 92' lang='lat' dir='ltr'>cnm</span> <span class='ocrx_word' id='word_1_27' title='bbox 342 807 454 889; x_wconf 81' lang='lat' dir='ltr'>lingua</span> <span class='ocrx_word' id='word_1_28' title='bbox 483 805 588 889; x_wconf 90' lang='lat' dir='ltr'>possis</span> <span class='ocrx_word' id='word_1_29' title='bbox 616 805 748 886; x_wconf 84' lang='lat' dir='ltr'>liugero.</span> <span class='ocrx_word' id='word_1_30' title='bbox 791 805 933 870; x_wconf 84' lang='lat' dir='ltr'>Muretus</span> <span class='ocrx_word' id='word_1_31' title='bbox 963 805 1006 870; x_wconf 90' lang='lat' dir='ltr'>ad</span> <span class='ocrx_word' id='word_1_32' title='bbox 1036 806 1119 871; x_wconf 91' lang='lat' dir='ltr'>hunc</span> <span class='ocrx_word' id='word_1_33' title='bbox 1148 825 1276 871; x_wconf 87' lang='lat' dir='ltr'>versum</span> 
     </span>
     <span class='ocr_line' id='line_1_6' title="bbox 156 907 1278 992; baseline -0.002 -17"><span class='ocrx_word' id='word_1_34' title='bbox 156 916 291 975; x_wconf 88' lang='lat' dir='ltr'>annotat</span> <span class='ocrx_word' id='word_1_35' title='bbox 313 908 408 974; x_wconf 89' lang='lat' dir='ltr'>haec:</span> <span class='ocrx_word' id='word_1_36' title='bbox 430 908 590 992; x_wconf 86' lang='lat' dir='ltr'>particula</span> <span class='ocrx_word' id='word_1_37' title='bbox 612 930 679 974; x_wconf 83' lang='lat' dir='ltr'>cum</span> <span class='ocrx_word' id='word_1_38' title='bbox 701 909 833 973; x_wconf 76' lang='lat' dir='ltr'>tacitam</span> <span class='ocrx_word' id='word_1_39' title='bbox 856 909 1029 991; x_wconf 87' lang='lat' dir='ltr'>quamdam</span> <span class='ocrx_word' id='word_1_40' title='bbox 1046 907 1278 992; x_wconf 84' lang='lat' dir='ltr'>significandae</span> 
     </span>
     <span class='ocr_line' id='line_1_7' title="bbox 154 1009 1278 1096; baseline -0.003 -19"><span class='ocrx_word' id='word_1_41' title='bbox 154 1012 384 1096; x_wconf 81' lang='lat' dir='ltr'>indignationis</span> <span class='ocrx_word' id='word_1_42' title='bbox 406 1013 470 1075; x_wconf 89' lang='lat' dir='ltr'>vim</span> <span class='ocrx_word' id='word_1_43' title='bbox 494 1010 591 1074; x_wconf 89' lang='lat' dir='ltr'>habet</span> <span class='ocrx_word' id='word_1_44' title='bbox 612 1028 697 1092; x_wconf 89' lang='grc'><strong>6666</strong></span> <span class='ocrx_word' id='word_1_45' title='bbox 720 1009 843 1095; x_wconf 75' lang='lat' dir='ltr'>percipi</span> <span class='ocrx_word' id='word_1_46' title='bbox 864 1010 1001 1094; x_wconf 89' lang='lat' dir='ltr'>facilius,</span> <span class='ocrx_word' id='word_1_47' title='bbox 1023 1030 1120 1094; x_wconf 89' lang='lat' dir='ltr'>quam</span> <span class='ocrx_word' id='word_1_48' title='bbox 1139 1010 1278 1094; x_wconf 81' lang='lat' dir='ltr'>exprimi</span> 
     </span>
     <span class='ocr_line' id='line_1_8' title="bbox 154 1111 1277 1200; baseline -0.001 -21"><span class='ocrx_word' id='word_1_49' title='bbox 154 1119 268 1200; x_wconf 90' lang='lat' dir='ltr'>potest.</span> <span class='ocrx_word' id='word_1_50' title='bbox 312 1113 387 1178; x_wconf 83' lang='lat' dir='ltr'>Alia</span> <span class='ocrx_word' id='word_1_51' title='bbox 416 1112 565 1197; x_wconf 83' lang='lat' dir='ltr'>exempla</span> <span class='ocrx_word' id='word_1_52' title='bbox 595 1113 669 1177; x_wconf 87' lang='lat' dir='ltr'>vide</span> <span class='ocrx_word' id='word_1_53' title='bbox 700 1113 733 1176; x_wconf 94' lang='lat' dir='ltr'>in</span> <span class='ocrx_word' id='word_1_54' title='bbox 755 1111 875 1178; x_wconf 88' lang='lat' dir='ltr'>Handii</span> <span class='ocrx_word' id='word_1_55' title='bbox 900 1114 1081 1179; x_wconf 80' lang='lat' dir='ltr'>Tursellino</span> <span class='ocrx_word' id='word_1_56' title='bbox 1103 1114 1137 1178; x_wconf 94' lang='grc' dir='ltr'>ΙΙ</span> <span class='ocrx_word' id='word_1_57' title='bbox 1159 1133 1189 1196; x_wconf 91' lang='lat' dir='ltr'>p.</span> <span class='ocrx_word' id='word_1_58' title='bbox 1208 1115 1277 1178; x_wconf 83' lang='lat'>165.</span> 
     </span>
    </p>

    <p class='ocr_par' dir='ltr' id='par_1_4' title="bbox 152 1230 1335 1833">
     <span class='ocr_line' id='line_1_9' title="bbox 244 1230 1276 1316; baseline -0.001 -19"><span class='ocrx_word' id='word_1_59' title='bbox 244 1237 289 1298; x_wconf 82' lang='lat'>12.</span> <span class='ocrx_word' id='word_1_60' title='bbox 321 1234 372 1298; x_wconf 85' lang='lat' dir='ltr'>Ex</span> <span class='ocrx_word' id='word_1_61' title='bbox 389 1232 576 1297; x_wconf 87' lang='lat' dir='ltr'>Baehrensii</span> <span class='ocrx_word' id='word_1_62' title='bbox 592 1230 777 1314; x_wconf 89' lang='lat' dir='ltr'>conjectura</span> <span class='ocrx_word' id='word_1_63' title='bbox 792 1232 907 1316; x_wconf 84' lang='lat' dir='ltr'>legitur</span> <span class='ocrx_word' id='word_1_64' title='bbox 922 1256 988 1299; x_wconf 84' lang='lat' dir='ltr'>cum</span> <span class='ocrx_word' id='word_1_65' title='bbox 1010 1235 1043 1298; x_wconf 91' lang='lat' dir='ltr'>in</span> <span class='ocrx_word' id='word_1_66' title='bbox 1059 1253 1084 1298; x_wconf 90' lang='grc'>6.</span> <span class='ocrx_word' id='word_1_67' title='bbox 1099 1233 1276 1312; x_wconf 85' lang='lat' dir='ltr'>LXXVI‚5</span> 
     </span>
     <span class='ocr_line' id='line_1_10' title="bbox 154 1335 1275 1422; baseline -0.001 -21"><span class='ocrx_word' id='word_1_68' title='bbox 154 1342 284 1422; x_wconf 88' lang='lat' dir='ltr'>praeter</span> <span class='ocrx_word' id='word_1_69' title='bbox 305 1337 532 1402; x_wconf 89' lang='lat' dir='ltr'>necessitatem</span> <span class='ocrx_word' id='word_1_70' title='bbox 559 1354 617 1420; x_wconf 87' lang='lat' dir='ltr'>pro</span> <span class='ocrx_word' id='word_1_71' title='bbox 640 1342 690 1418; x_wconf 80' lang='lat' dir='ltr'>„io</span> <span class='ocrx_word' id='word_1_72' title='bbox 719 1335 816 1419; x_wconf 83' lang='lat' dir='ltr'>longa</span> <span class='ocrx_word' id='word_1_73' title='bbox 847 1338 982 1420; x_wconf 80' lang='lat' dir='ltr'>aetate‘,</span> <span class='ocrx_word' id='word_1_74' title='bbox 1004 1357 1079 1401; x_wconf 86' lang='lat' dir='ltr'>nam</span> <span class='ocrx_word' id='word_1_75' title='bbox 1109 1336 1194 1418; x_wconf 90' lang='lat' dir='ltr'>quod</span> <span class='ocrx_word' id='word_1_76' title='bbox 1217 1355 1275 1419; x_wconf 90' lang='lat' dir='ltr'>pro</span> 
     </span>
     <span class='ocr_line' id='line_1_11' title="bbox 153 1436 1335 1526; baseline -0.003 -21"><span class='ocrx_word' id='word_1_77' title='bbox 153 1450 275 1505; x_wconf 82' lang='lat' dir='ltr'>moneat</span> <span class='ocrx_word' id='word_1_78' title='bbox 295 1439 328 1503; x_wconf 94' lang='lat' dir='ltr'>in</span> <span class='ocrx_word' id='word_1_79' title='bbox 351 1438 380 1504; x_wconf 84' lang='lat' dir='ltr'>G</span> <span class='ocrx_word' id='word_1_80' title='bbox 403 1438 518 1522; x_wconf 82' lang='lat' dir='ltr'>legitur</span> <span class='ocrx_word' id='word_1_81' title='bbox 539 1445 680 1521; x_wconf 78' lang='grc'><strong>6666666,</strong></span> <span class='ocrx_word' id='word_1_82' title='bbox 701 1436 784 1504; x_wconf 84' lang='lat' dir='ltr'>ino</span> <span class='ocrx_word' id='word_1_83' title='bbox 805 1450 984 1526; x_wconf 75' lang='lat' dir='ltr'>moncatum,</span> <span class='ocrx_word' id='word_1_84' title='bbox 1005 1458 1046 1504; x_wconf 87' lang='lat' dir='ltr'>ex</span> <span class='ocrx_word' id='word_1_85' title='bbox 1068 1439 1203 1504; x_wconf 89' lang='lat' dir='ltr'>obseura</span> <span class='ocrx_word' id='word_1_86' title='bbox 1219 1443 1275 1502; x_wconf 91' lang='lat' dir='ltr'>aut</span> <span class='ocrx_word' id='word_1_87' title='bbox 1334 1520 1335 1523; x_wconf 8' lang='grc' dir='ltr'><strong>Ἴ</strong></span> 
     </span>
     <span class='ocr_line' id='line_1_12' title="bbox 153 1539 1276 1626; baseline -0.006 -14"><span class='ocrx_word' id='word_1_88' title='bbox 153 1543 270 1613; x_wconf 71' lang='lat' dir='ltr'>uitiosa</span> <span class='ocrx_word' id='word_1_89' title='bbox 303 1541 423 1606; x_wconf 88' lang='lat' dir='ltr'>codicis</span> <span class='ocrx_word' id='word_1_90' title='bbox 453 1540 620 1625; x_wconf 86' lang='lat' dir='ltr'>archetypi</span> <span class='ocrx_word' id='word_1_91' title='bbox 650 1541 808 1624; x_wconf 90' lang='lat' dir='ltr'>scriptura</span> <span class='ocrx_word' id='word_1_92' title='bbox 836 1541 933 1607; x_wconf 87' lang='lat' dir='ltr'>facile</span> <span class='ocrx_word' id='word_1_93' title='bbox 960 1540 1116 1626; x_wconf 87' lang='lat' dir='ltr'>explicari</span> <span class='ocrx_word' id='word_1_94' title='bbox 1146 1539 1276 1625; x_wconf 81' lang='lat' dir='ltr'>potest),</span> 
     </span>
     <span class='ocr_line' id='line_1_13' title="bbox 152 1643 1273 1730; baseline -0.004 -19"><span class='ocrx_word' id='word_1_95' title='bbox 152 1665 256 1729; x_wconf 90' lang='lat' dir='ltr'>neque</span> <span class='ocrx_word' id='word_1_96' title='bbox 286 1643 402 1710; x_wconf 91' lang='lat' dir='ltr'>rectius</span> <span class='ocrx_word' id='word_1_97' title='bbox 431 1644 517 1708; x_wconf 89' lang='lat' dir='ltr'>idem</span> <span class='ocrx_word' id='word_1_98' title='bbox 550 1645 822 1728; x_wconf 78' lang='lat' dir='ltr'>praepositionem</span> <span class='ocrx_word' id='word_1_99' title='bbox 851 1643 1011 1730; x_wconf 82' lang='lat' dir='ltr'>OXIII,2</span> <span class='ocrx_word' id='word_1_100' title='bbox 1041 1643 1273 1710; x_wconf 86' lang='lat' dir='ltr'>restituendam</span> 
     </span>
     <span class='ocr_line' id='line_1_14' title="bbox 153 1744 1084 1833; baseline -0.001 -20"><span class='ocrx_word' id='word_1_101' title='bbox 153 1769 224 1814; x_wconf 91' lang='grc'><strong>6666</strong></span> <span class='ocrx_word' id='word_1_102' title='bbox 246 1747 388 1833; x_wconf 88' lang='lat' dir='ltr'>putavit:</span> <span class='ocrx_word' id='word_1_103' title='bbox 412 1745 451 1811; x_wconf 84' lang='lat' dir='ltr'>cf.</span> <span class='ocrx_word' id='word_1_104' title='bbox 472 1746 633 1829; x_wconf 82' lang='lat' dir='ltr'>Rossberg</span> <span class='ocrx_word' id='word_1_105' title='bbox 655 1744 774 1811; x_wconf 86' lang='lat' dir='ltr'>annali.</span> <span class='ocrx_word' id='word_1_106' title='bbox 796 1745 917 1830; x_wconf 87' lang='lat' dir='ltr'>phiioll.</span> <span class='ocrx_word' id='word_1_107' title='bbox 942 1749 1023 1811; x_wconf 83' lang='lat'>1877</span> <span class='ocrx_word' id='word_1_108' title='bbox 1038 1766 1084 1829; x_wconf 90' lang='lat' dir='ltr'>sq.</span> 
     </span>
    </p>
   </div>
   <div class='ocr_carea' id='block_1_4' title="bbox 153 1865 1273 2052">
    <p class='ocr_par' dir='ltr' id='par_1_5' title="bbox 153 1865 1273 2052">
     <span class='ocr_line' id='line_1_15' title="bbox 240 1865 1273 1952; baseline 0.002 -21"><span class='ocrx_word' id='word_1_109' title='bbox 240 1872 287 1933; x_wconf 94' lang='grc'>13.</span> <span class='ocrx_word' id='word_1_110' title='bbox 320 1869 370 1933; x_wconf 78' lang='lat' dir='ltr'>Ex</span> <span class='ocrx_word' id='word_1_111' title='bbox 392 1865 621 1951; x_wconf 82' lang='lat' dir='ltr'>compositione</span> <span class='ocrx_word' id='word_1_112' title='bbox 643 1866 845 1931; x_wconf 86' lang='lat' dir='ltr'>transitivam</span> <span class='ocrx_word' id='word_1_113' title='bbox 868 1866 932 1931; x_wconf 90' lang='lat' dir='ltr'>vim</span> <span class='ocrx_word' id='word_1_114' title='bbox 964 1866 1104 1952; x_wconf 89' lang='lat' dir='ltr'>accepit:</span> <span class='ocrx_word' id='word_1_115' title='bbox 1131 1889 1273 1933; x_wconf 75' lang='lat' dir='ltr'>coascen-</span> 
     </span>
     <span class='ocr_line' id='line_1_16' title="bbox 153 1971 584 2052; baseline -0.007 -15"><span class='ocrx_word' id='word_1_116' title='bbox 153 1971 472 2052; x_wconf 65' lang='lat' dir='ltr'>cerauniorum.</span> <span class='ocrx_word' id='word_1_117' title='bbox 583 1977 584 1980; x_wconf 75' lang='grc'>’</span> 
     </span>
    </p>
   </div>
   <div class='ocr_carea' id='block_1_5' title="bbox 146 2085 1272 3098">
    <p class='ocr_par' dir='ltr' id='par_1_6' title="bbox 146 2085 1272 3098">
     <span class='ocr_line' id='line_1_17' title="bbox 236 2085 1272 2174; baseline -0.003 -19"><span class='ocrx_word' id='word_1_118' title='bbox 236 2086 338 2155; x_wconf 83' lang='lat' dir='ltr'>VItI.</span> <span class='ocrx_word' id='word_1_119' title='bbox 355 2087 490 2156; x_wconf 83' lang='lat' dir='ltr'>Simul:</span> <span class='ocrx_word' id='word_1_120' title='bbox 507 2093 602 2156; x_wconf 80' lang='lat' dir='ltr'>Simul</span> <span class='ocrx_word' id='word_1_121' title='bbox 615 2085 704 2172; x_wconf 86' lang='lat' dir='ltr'>apud</span> <span class='ocrx_word' id='word_1_122' title='bbox 715 2087 878 2154; x_wconf 82' lang='lat' dir='ltr'>Catullum</span> <span class='ocrx_word' id='word_1_123' title='bbox 894 2108 1060 2172; x_wconf 88' lang='lat' dir='ltr'>nunquam</span> <span class='ocrx_word' id='word_1_124' title='bbox 1074 2088 1272 2174; x_wconf 81' lang='lat' dir='ltr'>praepositio</span> 
     </span>
     <span class='ocr_line' id='line_1_18' title="bbox 152 2190 1272 2276; baseline -0.005 -17"><span class='ocrx_word' id='word_1_125' title='bbox 152 2198 201 2259; x_wconf 89' lang='grc'>661</span> <span class='ocrx_word' id='word_1_126' title='bbox 236 2192 293 2257; x_wconf 83' lang='grc'>661</span> <span class='ocrx_word' id='word_1_127' title='bbox 322 2190 508 2258; x_wconf 83' lang='lat' dir='ltr'>adverbium</span> <span class='ocrx_word' id='word_1_128' title='bbox 539 2190 738 2275; x_wconf 87' lang='lat' dir='ltr'>respondens</span> <span class='ocrx_word' id='word_1_129' title='bbox 772 2190 1009 2275; x_wconf 86' lang='lat' dir='ltr'>quodammodo</span> <span class='ocrx_word' id='word_1_130' title='bbox 1047 2190 1272 2276; x_wconf 80' lang='lat' dir='ltr'>significationi</span> 
     </span>
     <span class='ocr_line' id='line_1_19' title="bbox 150 2293 1272 2380; baseline 0 -21"><span class='ocrx_word' id='word_1_131' title='bbox 150 2294 399 2380; x_wconf 87' lang='lat' dir='ltr'>praepositionis</span> <span class='ocrx_word' id='word_1_132' title='bbox 423 2316 498 2361; x_wconf 82' lang='lat' dir='ltr'>cam.</span> <span class='ocrx_word' id='word_1_133' title='bbox 544 2293 704 2377; x_wconf 80' lang='lat' dir='ltr'>Exprimit</span> <span class='ocrx_word' id='word_1_134' title='bbox 726 2293 923 2359; x_wconf 86' lang='lat' dir='ltr'>artissimam</span> <span class='ocrx_word' id='word_1_135' title='bbox 950 2293 1202 2379; x_wconf 88' lang='lat' dir='ltr'>conjunctionem</span> <span class='ocrx_word' id='word_1_136' title='bbox 1224 2313 1272 2359; x_wconf 89' lang='lat' dir='ltr'>re-</span> 
     </span>
     <span class='ocr_line' id='line_1_20' title="bbox 149 2395 1271 2480; baseline -0.001 -19"><span class='ocrx_word' id='word_1_137' title='bbox 149 2419 220 2463; x_wconf 87' lang='lat' dir='ltr'>rum</span> <span class='ocrx_word' id='word_1_138' title='bbox 242 2398 362 2480; x_wconf 80' lang='lat' dir='ltr'><strong>XXI,5</strong></span> <span class='ocrx_word' id='word_1_139' title='bbox 385 2397 479 2463; x_wconf 92' lang='lat' dir='ltr'>simul</span> <span class='ocrx_word' id='word_1_140' title='bbox 502 2416 537 2462; x_wconf 91' lang='grc'>66</span> <span class='ocrx_word' id='word_1_141' title='bbox 553 2395 676 2480; x_wconf 89' lang='lat' dir='ltr'>jocaris</span> <span class='ocrx_word' id='word_1_142' title='bbox 699 2416 773 2462; x_wconf 90' lang='lat' dir='ltr'>una.</span> <span class='ocrx_word' id='word_1_143' title='bbox 816 2397 851 2480; x_wconf 88' lang='lat' dir='ltr'>L,</span> <span class='ocrx_word' id='word_1_144' title='bbox 869 2400 907 2461; x_wconf 87' lang='grc'>13</span> <span class='ocrx_word' id='word_1_145' title='bbox 929 2397 1088 2480; x_wconf 83' lang='grc'><strong>61661666</strong></span> <span class='ocrx_word' id='word_1_146' title='bbox 1110 2404 1145 2462; x_wconf 90' lang='grc'>61</span> <span class='ocrx_word' id='word_1_147' title='bbox 1167 2417 1271 2463; x_wconf 89' lang='lat' dir='ltr'>essem</span> 
     </span>
     <span class='ocr_line' id='line_1_21' title="bbox 149 2497 1272 2585; baseline -0.002 -19"><span class='ocrx_word' id='word_1_148' title='bbox 149 2502 285 2585; x_wconf 86' lang='lat' dir='ltr'>LXIIII,</span> <span class='ocrx_word' id='word_1_149' title='bbox 294 2502 334 2565; x_wconf 84' lang='lat'>78</span> <span class='ocrx_word' id='word_1_150' title='bbox 347 2500 473 2566; x_wconf 80' lang='lat' dir='ltr'>Eiectos</span> <span class='ocrx_word' id='word_1_151' title='bbox 482 2497 620 2582; x_wconf 89' lang='lat' dir='ltr'>juvenes</span> <span class='ocrx_word' id='word_1_152' title='bbox 632 2498 727 2564; x_wconf 89' lang='lat' dir='ltr'>simul</span> <span class='ocrx_word' id='word_1_153' title='bbox 738 2505 771 2564; x_wconf 97' lang='grc'>61</span> <span class='ocrx_word' id='word_1_154' title='bbox 782 2498 879 2565; x_wconf 85' lang='grc'><strong>16666</strong></span> <span class='ocrx_word' id='word_1_155' title='bbox 890 2498 1095 2584; x_wconf 88' lang='lat' dir='ltr'>innuptarum</span> <span class='ocrx_word' id='word_1_156' title='bbox 1103 2498 1272 2577; x_wconf 83' lang='lat' dir='ltr'>LXVIIIb,</span> 
     </span>
     <span class='ocr_line' id='line_1_22' title="bbox 152 2600 1272 2687; baseline -0.002 -19"><span class='ocrx_word' id='word_1_157' title='bbox 152 2608 211 2668; x_wconf 83' lang='grc'>115</span> <span class='ocrx_word' id='word_1_158' title='bbox 234 2604 305 2669; x_wconf 89' lang='grc'><strong>61116</strong></span> <span class='ocrx_word' id='word_1_159' title='bbox 328 2601 436 2668; x_wconf 87' lang='lat' dir='ltr'>felices</span> <span class='ocrx_word' id='word_1_160' title='bbox 458 2607 490 2668; x_wconf 89' lang='lat' dir='ltr'>et</span> <span class='ocrx_word' id='word_1_161' title='bbox 510 2608 546 2666; x_wconf 92' lang='lat' dir='ltr'>tu</span> <span class='ocrx_word' id='word_1_162' title='bbox 569 2601 663 2666; x_wconf 89' lang='lat' dir='ltr'>simul</span> <span class='ocrx_word' id='word_1_163' title='bbox 694 2606 726 2667; x_wconf 94' lang='lat' dir='ltr'>et</span> <span class='ocrx_word' id='word_1_164' title='bbox 748 2606 805 2666; x_wconf 89' lang='lat' dir='ltr'>tua</span> <span class='ocrx_word' id='word_1_165' title='bbox 835 2600 909 2666; x_wconf 89' lang='lat' dir='ltr'>vita.</span> <span class='ocrx_word' id='word_1_166' title='bbox 954 2602 1092 2687; x_wconf 88' lang='lat' dir='ltr'>Saepius</span> <span class='ocrx_word' id='word_1_167' title='bbox 1114 2603 1161 2667; x_wconf 90' lang='lat' dir='ltr'>ita</span> <span class='ocrx_word' id='word_1_168' title='bbox 1184 2622 1272 2667; x_wconf 89' lang='lat' dir='ltr'>usur·</span> 
     </span>
     <span class='ocr_line' id='line_1_23' title="bbox 148 2702 1271 2791; baseline -0.003 -20"><span class='ocrx_word' id='word_1_169' title='bbox 148 2712 243 2791; x_wconf 89' lang='lat' dir='ltr'>patur</span> <span class='ocrx_word' id='word_1_170' title='bbox 264 2727 285 2771; x_wconf 90' lang='lat' dir='ltr'>a</span> <span class='ocrx_word' id='word_1_171' title='bbox 309 2705 445 2773; x_wconf 79' lang='lat' dir='ltr'>Catullo.</span> <span class='ocrx_word' id='word_1_172' title='bbox 476 2745 517 2754; x_wconf 89' lang='lat'>-</span> <span class='ocrx_word' id='word_1_173' title='bbox 548 2702 654 2769; x_wconf 84' lang='lat' dir='ltr'>Semel</span> <span class='ocrx_word' id='word_1_174' title='bbox 684 2723 755 2769; x_wconf 90' lang='lat' dir='ltr'>oum</span> <span class='ocrx_word' id='word_1_175' title='bbox 783 2704 1024 2789; x_wconf 86' lang='lat' dir='ltr'>praepositione</span> <span class='ocrx_word' id='word_1_176' title='bbox 1046 2727 1112 2772; x_wconf 84' lang='lat' dir='ltr'>com</span> <span class='ocrx_word' id='word_1_177' title='bbox 1142 2703 1271 2788; x_wconf 88' lang='lat' dir='ltr'>conjun-</span> 
     </span>
     <span class='ocr_line' id='line_1_24' title="bbox 146 2804 1270 2893; baseline -0.003 -20"><span class='ocrx_word' id='word_1_178' title='bbox 146 2809 249 2893; x_wconf 80' lang='lat' dir='ltr'>gitm:</span> <span class='ocrx_word' id='word_1_179' title='bbox 271 2808 372 2890; x_wconf 84' lang='lat' dir='ltr'>LXII,</span> <span class='ocrx_word' id='word_1_180' title='bbox 384 2810 424 2870; x_wconf 84' lang='grc'>65</span> <span class='ocrx_word' id='word_1_181' title='bbox 447 2805 542 2870; x_wconf 89' lang='lat' dir='ltr'>simul</span> <span class='ocrx_word' id='word_1_182' title='bbox 565 2824 637 2869; x_wconf 91' lang='lat' dir='ltr'>oum</span> <span class='ocrx_word' id='word_1_183' title='bbox 660 2804 733 2870; x_wconf 83' lang='lat' dir='ltr'>doto</span> <span class='ocrx_word' id='word_1_184' title='bbox 748 2805 915 2874; x_wconf 88' lang='lat' dir='ltr'>dederunt.</span> <span class='ocrx_word' id='word_1_185' title='bbox 936 2843 978 2853; x_wconf 89' lang='lat'>·—</span> <span class='ocrx_word' id='word_1_186' title='bbox 1002 2806 1199 2893; x_wconf 85' lang='lat' dir='ltr'>Saepissime</span> <span class='ocrx_word' id='word_1_187' title='bbox 1221 2813 1270 2872; x_wconf 92' lang='lat' dir='ltr'>est</span> 
     </span>
     <span class='ocr_line' id='line_1_25' title="bbox 147 2906 1270 2994; baseline -0.001 -20"><span class='ocrx_word' id='word_1_188' title='bbox 147 2911 329 2994; x_wconf 90' lang='lat' dir='ltr'>conjunctio</span> <span class='ocrx_word' id='word_1_189' title='bbox 353 2908 506 2992; x_wconf 86' lang='lat' dir='ltr'>temporis</span> <span class='ocrx_word' id='word_1_190' title='bbox 528 2926 613 2990; x_wconf 90' lang='grc'><strong>6666</strong></span> <span class='ocrx_word' id='word_1_191' title='bbox 635 2906 764 2992; x_wconf 89' lang='lat' dir='ltr'>indicat,</span> <span class='ocrx_word' id='word_1_192' title='bbox 787 2908 869 2973; x_wconf 89' lang='lat' dir='ltr'>duas</span> <span class='ocrx_word' id='word_1_193' title='bbox 892 2910 1034 2974; x_wconf 89' lang='lat' dir='ltr'>actiones</span> <span class='ocrx_word' id='word_1_194' title='bbox 1057 2930 1120 2975; x_wconf 90' lang='lat' dir='ltr'>uno</span> <span class='ocrx_word' id='word_1_195' title='bbox 1143 2909 1270 2975; x_wconf 86' lang='lat' dir='ltr'>eodem-</span> 
     </span>
     <span class='ocr_line' id='line_1_26' title="bbox 147 3008 1268 3098; baseline -0.003 -19"><span class='ocrx_word' id='word_1_196' title='bbox 147 3032 211 3096; x_wconf 89' lang='lat' dir='ltr'>que</span> <span class='ocrx_word' id='word_1_197' title='bbox 233 3018 376 3097; x_wconf 89' lang='lat' dir='ltr'>temporc</span> <span class='ocrx_word' id='word_1_198' title='bbox 399 3011 452 3076; x_wconf 88' lang='lat' dir='ltr'>vel</span> <span class='ocrx_word' id='word_1_199' title='bbox 474 3008 599 3098; x_wconf 87' lang='lat' dir='ltr'>initium</span> <span class='ocrx_word' id='word_1_200' title='bbox 623 3012 747 3096; x_wconf 89' lang='lat' dir='ltr'>cepisse</span> <span class='ocrx_word' id='word_1_201' title='bbox 761 3010 814 3077; x_wconf 88' lang='lat' dir='ltr'>vel</span> <span class='ocrx_word' id='word_1_202' title='bbox 836 3016 926 3076; x_wconf 87' lang='grc'><strong>66166</strong></span> <span class='ocrx_word' id='word_1_203' title='bbox 941 3011 993 3078; x_wconf 90' lang='lat' dir='ltr'>vel</span> <span class='ocrx_word' id='word_1_204' title='bbox 1015 3011 1174 3096; x_wconf 80' lang='lat' dir='ltr'>perfectas</span> <span class='ocrx_word' id='word_1_205' title='bbox 1189 3030 1268 3077; x_wconf 89' lang='lat' dir='ltr'>esse.</span> 
     </span>
    </p>
   </div>
   <div class='ocr_carea' id='block_1_6' title="bbox 146 3128 1269 3320">
    <p class='ocr_par' dir='ltr' id='par_1_7' title="bbox 146 3128 1269 3320">
     <span class='ocr_line' id='line_1_27' title="bbox 232 3128 1269 3214; baseline -0.005 -13"><span class='ocrx_word' id='word_1_206' title='bbox 232 3131 299 3201; x_wconf 87' lang='lat' dir='ltr'>IX.</span> <span class='ocrx_word' id='word_1_207' title='bbox 339 3130 439 3200; x_wconf 80' lang='lat' dir='ltr'>Sino:</span> <span class='ocrx_word' id='word_1_208' title='bbox 474 3128 677 3199; x_wconf 82' lang='lat' dir='ltr'>Contrarium</span> <span class='ocrx_word' id='word_1_209' title='bbox 713 3135 763 3204; x_wconf 88' lang='lat' dir='ltr'>est</span> <span class='ocrx_word' id='word_1_210' title='bbox 797 3148 944 3214; x_wconf 91' lang='lat' dir='ltr'>praepos.</span> <span class='ocrx_word' id='word_1_211' title='bbox 980 3153 1054 3197; x_wconf 80' lang='lat' dir='ltr'>com.</span> <span class='ocrx_word' id='word_1_212' title='bbox 1110 3130 1269 3198; x_wconf 86' lang='lat' dir='ltr'>Undecies</span> 
     </span>
     <span class='ocr_line' id='line_1_28' title="bbox 146 3231 1267 3320; baseline 0 -21"><span class='ocrx_word' id='word_1_213' title='bbox 146 3234 394 3320; x_wconf 86' lang='lat' dir='ltr'>praepositionis</span> <span class='ocrx_word' id='word_1_214' title='bbox 421 3233 499 3314; x_wconf 90' lang='grc'><strong>1666,</strong></span> <span class='ocrx_word' id='word_1_215' title='bbox 528 3232 627 3298; x_wconf 89' lang='lat' dir='ltr'>semel</span> <span class='ocrx_word' id='word_1_216' title='bbox 654 3231 789 3298; x_wconf 84' lang='lat' dir='ltr'>fortasse</span> <span class='ocrx_word' id='word_1_217' title='bbox 811 3232 908 3317; x_wconf 83' lang='lat' dir='ltr'>(LXI,</span> <span class='ocrx_word' id='word_1_218' title='bbox 928 3231 1000 3319; x_wconf 83' lang='grc'><strong>151)</strong></span> <span class='ocrx_word' id='word_1_219' title='bbox 1030 3233 1176 3300; x_wconf 85' lang='lat' dir='ltr'>adverbii</span> <span class='ocrx_word' id='word_1_220' title='bbox 1197 3234 1267 3299; x_wconf 92' lang='lat' dir='ltr'>loco</span> 
     </span>
    </p>
   </div>
   <div class='ocr_carea' id='block_1_7' title="bbox 46 3332 1266 3421">
    <p class='ocr_par' dir='ltr' id='par_1_8' title="bbox 46 3332 1266 3421">
     <span class='ocr_line' id='line_1_29' title="bbox 46 3332 1266 3421; baseline -0.002 -18"><span class='ocrx_word' id='word_1_221' title='bbox 46 3374 48 3380; x_wconf 63' lang='lat'>=</span> <span class='ocrx_word' id='word_1_222' title='bbox 145 3337 283 3421; x_wconf 89' lang='lat' dir='ltr'>ponitur.</span> <span class='ocrx_word' id='word_1_223' title='bbox 326 3336 462 3403; x_wconf 77' lang='lat' dir='ltr'>Codices</span> <span class='ocrx_word' id='word_1_224' title='bbox 491 3332 623 3400; x_wconf 76' lang='lat' dir='ltr'>esto</span> <span class='ocrx_word' id='word_1_225' title='bbox 652 3333 781 3399; x_wconf 89' lang='lat' dir='ltr'>tradunt</span> <span class='ocrx_word' id='word_1_226' title='bbox 808 3332 841 3399; x_wconf 94' lang='lat' dir='ltr'>in</span> <span class='ocrx_word' id='word_1_227' title='bbox 870 3334 930 3400; x_wconf 89' lang='lat' dir='ltr'>hoo</span> <span class='ocrx_word' id='word_1_228' title='bbox 952 3354 1061 3409; x_wconf 84' lang='lat' dir='ltr'>versu:</span> <span class='ocrx_word' id='word_1_229' title='bbox 1089 3336 1176 3421; x_wconf 85' lang='grc'><strong>,6166</strong></span> <span class='ocrx_word' id='word_1_230' title='bbox 1205 3336 1266 3402; x_wconf 90' lang='lat' dir='ltr'>finc</span> 
     </span>
    </p>
   </div>
   <div class='ocr_carea' id='block_1_8' title="bbox 141 3437 1267 3932">
    <p class='ocr_par' dir='ltr' id='par_1_9' title="bbox 141 3437 1267 3932">
     <span class='ocr_line' id='line_1_30' title="bbox 146 3437 1265 3523; baseline -0.004 -18"><span class='ocrx_word' id='word_1_231' title='bbox 146 3438 269 3523; x_wconf 58' lang='lat' dir='ltr'>servm,</span> <span class='ocrx_word' id='word_1_232' title='bbox 291 3457 376 3520; x_wconf 87' lang='lat' dir='ltr'>quae</span> <span class='ocrx_word' id='word_1_233' title='bbox 390 3438 483 3504; x_wconf 88' lang='lat' dir='ltr'>lectio</span> <span class='ocrx_word' id='word_1_234' title='bbox 500 3437 593 3503; x_wconf 89' lang='lat' dir='ltr'>metri</span> <span class='ocrx_word' id='word_1_235' title='bbox 608 3437 696 3520; x_wconf 82' lang='lat' dir='ltr'>leges</span> <span class='ocrx_word' id='word_1_236' title='bbox 719 3437 860 3504; x_wconf 86' lang='lat' dir='ltr'>offendit.</span> <span class='ocrx_word' id='word_1_237' title='bbox 905 3437 1036 3522; x_wconf 87' lang='lat' dir='ltr'>Optima</span> <span class='ocrx_word' id='word_1_238' title='bbox 1050 3438 1128 3503; x_wconf 92' lang='lat' dir='ltr'>mihi</span> <span class='ocrx_word' id='word_1_239' title='bbox 1143 3438 1265 3515; x_wconf 83' lang='lat' dir='ltr'>videtur</span> 
     </span>
     <span class='ocr_line' id='line_1_31' title="bbox 146 3539 1265 3624; baseline 0.002 -18"><span class='ocrx_word' id='word_1_240' title='bbox 146 3541 327 3607; x_wconf 89' lang='lat' dir='ltr'>emendatio</span> <span class='ocrx_word' id='word_1_241' title='bbox 357 3559 441 3622; x_wconf 88' lang='lat' dir='ltr'>quae</span> <span class='ocrx_word' id='word_1_242' title='bbox 469 3541 510 3605; x_wconf 90' lang='lat' dir='ltr'>ab</span> <span class='ocrx_word' id='word_1_243' title='bbox 540 3539 670 3622; x_wconf 81' lang='lat' dir='ltr'>ingenio</span> <span class='ocrx_word' id='word_1_244' title='bbox 699 3539 831 3605; x_wconf 87' lang='lat' dir='ltr'>Auantii</span> <span class='ocrx_word' id='word_1_245' title='bbox 860 3540 1006 3624; x_wconf 86' lang='lat' dir='ltr'>profecta</span> <span class='ocrx_word' id='word_1_246' title='bbox 1034 3545 1097 3606; x_wconf 87' lang='lat' dir='ltr'>est:</span> <span class='ocrx_word' id='word_1_247' title='bbox 1118 3548 1185 3608; x_wconf 76' lang='lat' dir='ltr'>siae</span> <span class='ocrx_word' id='word_1_248' title='bbox 1199 3547 1265 3621; x_wconf 80' lang='lat' dir='ltr'>fiae</span> 
     </span>
     <span class='ocr_line' id='line_1_32' title="bbox 146 3640 1266 3726; baseline -0.003 -17"><span class='ocrx_word' id='word_1_249' title='bbox 146 3650 214 3709; x_wconf 80' lang='lat' dir='ltr'>erit.</span> <span class='ocrx_word' id='word_1_250' title='bbox 260 3643 309 3708; x_wconf 87' lang='lat' dir='ltr'>De</span> <span class='ocrx_word' id='word_1_251' title='bbox 331 3642 544 3708; x_wconf 90' lang='lat' dir='ltr'>locutionibus</span> <span class='ocrx_word' id='word_1_252' title='bbox 572 3642 659 3725; x_wconf 81' lang='lat' dir='ltr'>„sine</span> <span class='ocrx_word' id='word_1_253' title='bbox 681 3640 742 3707; x_wconf 88' lang='lat' dir='ltr'>fine</span> <span class='ocrx_word' id='word_1_254' title='bbox 764 3641 850 3725; x_wconf 77' lang='lat' dir='ltr'>crit‘,</span> <span class='ocrx_word' id='word_1_255' title='bbox 878 3642 966 3726; x_wconf 80' lang='lat' dir='ltr'>„sine</span> <span class='ocrx_word' id='word_1_256' title='bbox 987 3642 1095 3726; x_wconf 83' lang='lat' dir='ltr'>gratia</span> <span class='ocrx_word' id='word_1_257' title='bbox 1121 3645 1187 3709; x_wconf 77' lang='lat' dir='ltr'>est‘</span> <span class='ocrx_word' id='word_1_258' title='bbox 1208 3648 1266 3708; x_wconf 89' lang='lat' dir='ltr'>eto.</span> 
     </span>
     <span class='ocr_line' id='line_1_33' title="bbox 144 3743 1267 3829; baseline 0.001 -19"><span class='ocrx_word' id='word_1_259' title='bbox 144 3745 182 3811; x_wconf 83' lang='grc'>61.</span> <span class='ocrx_word' id='word_1_260' title='bbox 205 3747 336 3829; x_wconf 83' lang='lat' dir='ltr'>Langen</span> <span class='ocrx_word' id='word_1_261' title='bbox 359 3745 510 3829; x_wconf 77' lang='lat' dir='ltr'>Beitrage</span> <span class='ocrx_word' id='word_1_262' title='bbox 533 3767 558 3810; x_wconf 84' lang='grc'>6.</span> <span class='ocrx_word' id='word_1_263' title='bbox 581 3743 714 3810; x_wconf 86' lang='lat' dir='ltr'>Plautus</span> <span class='ocrx_word' id='word_1_264' title='bbox 737 3765 768 3828; x_wconf 93' lang='lat' dir='ltr'>p.</span> <span class='ocrx_word' id='word_1_265' title='bbox 783 3746 842 3809; x_wconf 84' lang='lat'>133</span> <span class='ocrx_word' id='word_1_266' title='bbox 865 3751 897 3825; x_wconf 86' lang='lat' dir='ltr'>et</span> <span class='ocrx_word' id='word_1_267' title='bbox 918 3743 1133 3829; x_wconf 74' lang='lat' dir='ltr'>Nagclsbaoh,</span> <span class='ocrx_word' id='word_1_268' title='bbox 1155 3745 1267 3811; x_wconf 86' lang='lat' dir='ltr'>Stilist.</span> 
     </span>
     <span class='ocr_line' id='line_1_34' title="bbox 141 3851 396 3932; baseline 0 -20"><span class='ocrx_word' id='word_1_269' title='bbox 141 3852 165 3931; x_wconf 61' lang='grc' dir='ltr'><strong>ς</strong></span> <span class='ocrx_word' id='word_1_270' title='bbox 189 3851 289 3932; x_wconf 63' lang='grc'><strong>1461</strong></span> <span class='ocrx_word' id='word_1_271' title='bbox 316 3851 396 3914; x_wconf 86' lang='grc'><strong>616.</strong></span> 
     </span>
    </p>
   </div>
   <div class='ocr_carea' id='block_1_9' title="bbox 141 3965 1266 4360">
    <p class='ocr_par' dir='ltr' id='par_1_10' title="bbox 141 3965 1266 4360">
     <span class='ocr_line' id='line_1_35' title="bbox 219 3965 1266 4052; baseline 0.002 -23"><span class='ocrx_word' id='word_1_272' title='bbox 219 3969 292 4036; x_wconf 65' lang='lat' dir='ltr'>,Pro</span> <span class='ocrx_word' id='word_1_273' title='bbox 315 3990 381 4035; x_wconf 80' lang='lat' dir='ltr'>coos</span> <span class='ocrx_word' id='word_1_274' title='bbox 403 3973 500 4052; x_wconf 89' lang='lat' dir='ltr'>poeta</span> <span class='ocrx_word' id='word_1_275' title='bbox 523 3966 655 4031; x_wconf 90' lang='lat' dir='ltr'>adhibet</span> <span class='ocrx_word' id='word_1_276' title='bbox 677 3989 739 4033; x_wconf 85' lang='grc'>666</span> <span class='ocrx_word' id='word_1_277' title='bbox 760 3974 841 4033; x_wconf 73' lang='lat' dir='ltr'>stoc:</span> <span class='ocrx_word' id='word_1_278' title='bbox 863 3967 990 4051; x_wconf 83' lang='grc' dir='ltr'><strong>ΧΙΙΙ,4</strong></span> <span class='ocrx_word' id='word_1_279' title='bbox 1013 3986 1076 4031; x_wconf 91' lang='grc'>666</span> <span class='ocrx_word' id='word_1_280' title='bbox 1100 3965 1169 4033; x_wconf 89' lang='grc'><strong>6166</strong></span> <span class='ocrx_word' id='word_1_281' title='bbox 1191 3985 1266 4038; x_wconf 87' lang='lat' dir='ltr'>cau·</span> 
     </span>
     <span class='ocr_line' id='line_1_36' title="bbox 141 4068 1264 4155; baseline -0.003 -19"><span class='ocrx_word' id='word_1_282' title='bbox 141 4069 221 4136; x_wconf 84' lang='lat' dir='ltr'>dida</span> <span class='ocrx_word' id='word_1_283' title='bbox 243 4071 351 4155; x_wconf 88' lang='lat' dir='ltr'>puella</span> <span class='ocrx_word' id='word_1_284' title='bbox 374 4076 407 4136; x_wconf 92' lang='lat' dir='ltr'>et</span> <span class='ocrx_word' id='word_1_285' title='bbox 428 4070 504 4134; x_wconf 88' lang='lat' dir='ltr'>vino</span> <span class='ocrx_word' id='word_1_286' title='bbox 526 4068 651 4134; x_wconf 87' lang='grc'><strong>616616</strong></span> <span class='ocrx_word' id='word_1_287' title='bbox 677 4075 710 4134; x_wconf 83' lang='grc'>61</span> <span class='ocrx_word' id='word_1_288' title='bbox 740 4069 888 4136; x_wconf 88' lang='lat' dir='ltr'>omnibns</span> <span class='ocrx_word' id='word_1_289' title='bbox 911 4069 1085 4137; x_wconf 86' lang='lat' dir='ltr'>cachinnis.</span> <span class='ocrx_word' id='word_1_290' title='bbox 1128 4069 1264 4151; x_wconf 86' lang='lat' dir='ltr'>LXIIII,</span> 
     </span>
     <span class='ocr_line' id='line_1_37' title="bbox 143 4170 1264 4257; baseline 0 -21"><span class='ocrx_word' id='word_1_291' title='bbox 143 4174 220 4238; x_wconf 78' lang='lat'><strong>290:</strong></span> <span class='ocrx_word' id='word_1_292' title='bbox 242 4193 307 4238; x_wconf 87' lang='lat' dir='ltr'>non</span> <span class='ocrx_word' id='word_1_293' title='bbox 322 4173 392 4238; x_wconf 85' lang='lat' dir='ltr'>sine</span> <span class='ocrx_word' id='word_1_294' title='bbox 406 4170 534 4236; x_wconf 85' lang='lat' dir='ltr'>nutanti</span> <span class='ocrx_word' id='word_1_295' title='bbox 548 4170 682 4255; x_wconf 84' lang='lat' dir='ltr'>platano</span> <span class='ocrx_word' id='word_1_296' title='bbox 696 4170 847 4254; x_wconf 88' lang='grc'><strong>16616666</strong></span> <span class='ocrx_word' id='word_1_297' title='bbox 862 4191 971 4240; x_wconf 84' lang='lat' dir='ltr'>sorore</span> <span class='ocrx_word' id='word_1_298' title='bbox 993 4209 1036 4220; x_wconf 81' lang='lat'>-</span> <span class='ocrx_word' id='word_1_299' title='bbox 1056 4179 1089 4239; x_wconf 86' lang='lat' dir='ltr'>ot</span> <span class='ocrx_word' id='word_1_300' title='bbox 1103 4190 1264 4257; x_wconf 84' lang='lat' dir='ltr'>cupressu.</span> 
     </span>
     <span class='ocr_line' id='line_1_38' title="bbox 142 4273 1054 4360; baseline 0.004 -21"><span class='ocrx_word' id='word_1_301' title='bbox 142 4274 256 4358; x_wconf 85' lang='lat' dir='ltr'>LXVI,</span> <span class='ocrx_word' id='word_1_302' title='bbox 267 4278 312 4345; x_wconf 72' lang='lat'>34</span> <span class='ocrx_word' id='word_1_303' title='bbox 335 4294 399 4340; x_wconf 91' lang='lat' dir='ltr'>nou</span> <span class='ocrx_word' id='word_1_304' title='bbox 422 4273 492 4339; x_wconf 84' lang='lat' dir='ltr'>sine</span> <span class='ocrx_word' id='word_1_305' title='bbox 512 4273 642 4339; x_wconf 82' lang='lat' dir='ltr'>taurino</span> <span class='ocrx_word' id='word_1_306' title='bbox 663 4275 822 4358; x_wconf 79' lang='lat' dir='ltr'>sangnine</span> <span class='ocrx_word' id='word_1_307' title='bbox 842 4274 987 4360; x_wconf 82' lang='lat' dir='ltr'>pollicita</span> <span class='ocrx_word' id='word_1_308' title='bbox 1008 4295 1054 4343; x_wconf 88' lang='lat' dir='ltr'>es.</span> 
     </span>
    </p>
   </div>
   <div class='ocr_carea' id='block_1_10' title="bbox 0 0 1418 4762">
    <p class='ocr_par' dir='ltr' id='par_1_11' title="bbox 0 0 1418 4762">
     <span class='ocr_line' id='line_1_39' title="bbox 0 0 1418 4762; baseline 0 5"><span class='ocrx_word' id='word_1_309' title='bbox 0 0 1418 4762; x_wconf 95' lang='lat' dir='ltr'> </span> 
     </span>
    </p>
   </div>
  </div>
 </body>
</html>
