2828 4762
143 286 184 348 20

228 457 255 520 8.
290 454 435 521 Similem
450 456 612 521 notionem
636 455 816 522 invenimus
837 456 871 521 in
887 456 992 523 verbis
1014 456 1211 524 defendendi
1235 465 1271 526 et

141 558 303 624 metuendi
326 577 397 624 oum
420 557 565 626 ablativo
589 565 620 625 et
642 578 750 643 praep.
774 564 812 624 55
836 559 1023 643 eonjunotis.
1219 568 1224 577 ’

227 659 330 744 Χ1Ι,6
361 681 530 727 eonserves
561 682 582 727 a
610 662 727 746 populo
757 662 867 746 XV,9
896 669 1004 729 metuo
1034 684 1054 729 a
1083 669 1115 728 te
1145 667 1270 747 tneque

143 783 233 848 pene.
278 764 357 831 Vide
389 763 522 830 Ktthner
543 766 578 830 L.
600 764 638 831 G.
661 786 690 849 p.
707 768 768 830 359
791 766 846 848 qui
875 766 1029 851 explieat:
1060 786 1123 831 von
1145 765 1269 833 Seiten.

228 886 257 950 0.
279 884 481 969 Praepositio
504 889 541 949 ab
564 884 604 950 de
627 905 661 950 re
683 905 780 967 quam
804 884 869 951 alia
897 905 949 950 res
971 885 1115 970 proxime
1137 885 1270 970 exeipit,

143 992 200 1053 aut
232 1006 329 1069 quam
362 985 485 1051 finitam
519 992 550 1052 et
588 987 833 1052 determinatam
871 987 960 1053 aliud
994 988 1072 1070 quid
1106 986 1269 1072 incipiens

142 1088 287 1174 proximo
299 1094 442 1173 tempore
453 1089 604 1175 sequitur,
619 1090 665 1155 ita
674 1097 855 1174 usurpatur,
870 1098 904 1156 ut
914 1090 1070 1175 explioari
1083 1091 1150 1156 iere
1161 1093 1270 1174 possit

143 1211 200 1276 per
236 1191 426 1257 vocabulum
461 1203 539 1272 post.
603 1193 654 1257 Ita
686 1191 834 1258 Handius
866 1193 899 1257 in
932 1193 1068 1278 Turseli.
1094 1193 1110 1256 Ι
1140 1196 1190 1258 45.
1224 1229 1269 1240 -

143 1293 292 1359 Ktihnast
313 1295 349 1360 L.
370 1293 402 1358 S.
423 1315 454 1378 p.
470 1295 541 1359 359.

227 1396 463 1482 XXXXV,19:
485 1416 569 1461 nune
592 1396 634 1461 ab
657 1397 799 1482 auspieio
822 1398 905 1462 bono
927 1397 1070 1482 profeeti.

231 1521 278 1582 10.
317 1515 514 1600 Saepissime
544 1515 741 1601 praepositio
771 1516 934 1596 omittitur,
963 1516 1015 1582 ubi
1047 1536 1105 1581 nos
1133 1515 1269 1599 quidem

144 1639 217 1686 eam
240 1625 465 1703 exspeotamus
487 1616 583 1704 (Vide
598 1618 757 1684 thnast.
779 1640 810 1703 p.
823 1622 893 1702 165,
915 1621 1016 1703 prae
1033 1617 1270 1704 annotationes,

143 1724 357 1807 Draegerum:
381 1721 420 1786 H.
444 1720 507 1785 sl
529 1742 559 1805 p.
575 1719 660 1805 500).

228 1841 343 1923 Verba,
365 1839 419 1905 ubi
442 1841 513 1924 ipso
536 1839 569 1904 in
584 1840 680 1906 verbo
703 1841 787 1906 inest
808 1841 1015 1925 praepositio,
1041 1841 1190 1905 omittunt
1213 1846 1269 1907 ab:

143 1945 261 2025 LXIII,
275 1946 317 2006 59
332 1943 430 2008 abero
445 1943 560 2026 patria,
583 1942 676 2007 bonis
690 1943 821 2024 LXVII,
833 1945 873 2007 38
890 1943 1012 2008 domini
1027 1942 1135 2007 limine
1151 1941 1270 2010 abesse

143 2047 218 2112 lieet
249 2046 415 2125 xx11‚21
452 2046 619 2131 complexu
661 2046 801 2111 avellere
833 2046 947 2111 matris
978 2044 1095 2126 LXIII,
1119 2048 1158 2108 74
1191 2043 1269 2110 huie

143 2149 245 2215 roseis
266 2147 395 2212 labellis
418 2148 542 2212 sonitus
564 2146 652 2213 abiit
681 2183 722 2194 -
752 2147 910 2213 Ineertum
933 2166 1006 2213 esse
1028 2151 1135 2231 potest
1157 2152 1266 2212 utrum

143 2251 273 2316 dativus
301 2269 343 2315 an
366 2249 527 2315 ablativus
561 2250 602 2314 sit
631 2250 664 2314 in
695 2269 718 2313 o.
740 2250 873 2331 LXIIII,
896 2252 957 2313 405
987 2249 1097 2332 ,nobis
1119 2255 1268 2315 avertere

142 2358 281 2418 mentem
296 2353 453 2434 deorum“,
475 2372 569 2437 porro
584 2353 617 2416 in
633 2357 689 2418 v.5
705 2350 735 2419 h.
749 2371 773 2417 5.
805 2350 1267 2436 ,05151155555155555115511

145 2455 239 2521 certe
260 2454 389 2520 dativus
412 2453 490 2540 (dat.
513 2455 671 2521 eommodi
694 2461 726 2520 et
753 2454 961 2539 ineommodi)
983 2454 1088 2519 loeum
1111 2453 1210 2518 habet
1231 2454 1266 2519 in
1318 2519 1322 2528 ,

143 2577 169 2626 5.
183 2557 331 2640 LXVIII,
342 2560 382 2620 20
404 2555 499 2640 ,mihi
522 2557 662 2622 studium
686 2576 772 2622 mors
786 2556 936 2622 abstulit“
957 2556 991 2621 in
1006 2575 1030 2621 e.
1044 2555 1210 2640 LXVIHb,
1223 2558 1264 2621 53

141 2660 257 2744 „irater
279 2660 430 2745 adempte
451 2659 537 2744 mihi,
559 2697 602 2708 —
623 2660 772 2744 passim“.

226 2781 264 2845 In
287 2799 313 2845 e.
326 2779 428 2861 LXII,
443 2780 483 2842 32
506 2797 524 2844 e
546 2779 638 2843 nobis
661 2779 795 2844 abstulit
822 2799 935 2862 unam,
964 2799 1074 2864 praep.
1101 2802 1118 2846 e
1147 2779 1265 2864 pendet

142 2902 182 2949 ex
206 2881 360 2947 voeabulo
386 2901 499 2965 unam,
527 2882 562 2947 in
591 2900 616 2948 e.
630 2880 798 2965 LXVIIlb,
812 2884 852 2944 53
879 2900 916 2966 „e
937 2882 1058 2947 lumine
1087 2882 1265 2968 adempte“,

142 2983 359 3051 Baehrensius
381 2991 492 3049 eontra
513 2984 665 3049 traditam
690 2983 859 3050 lectionem
888 2985 1158 3068 praepositionem
1182 3009 1199 3052 e
1220 2985 1265 3050 in·

141 3087 227 3171 tulit,
258 3086 296 3152 ef.
318 3086 488 3170 Rossberg,
510 3086 607 3153 55511
629 3085 749 3170 philoll.
769 3088 849 3151 1877
873 3085 947 3170 (vol.
966 3087 1040 3173 115)
1062 3109 1092 3173 p.
1110 3091 1179 3154 178.

231 3209 280 3271 11.
315 3207 413 3271 Porro
435 3205 564 3271 dativus
586 3224 645 3289 pro
667 3203 906 3289 praepositione
928 3227 947 3270 a
968 3207 1111 3290 passivis
1133 3207 1264 3274 additus

141 3309 310 3392 invenitur,
321 3313 369 3373 ut:
384 3306 517 3392 XXXV,
531 3309 569 3371 18
584 3307 724 3390 „Magna
737 3307 879 3372 aneilio
891 3306 1043 3375 inehoata
1055 3311 1181 3391 mater“,
1195 3327 1263 3372 sae

142 3411 216 3495 pius
236 3411 283 3476 ita
306 3409 465 3494 imprimis
483 3409 571 3496 apud
585 3409 764 3493 gerundivo
776 3410 941 3494 nonnulla,
961 3411 1050 3476 velut
1062 3409 1196 3488 XXXX,
1211 3409 1259 3469 22.

141 3514 286 3598 1111146.
320 3511 385 3578 Sed
396 3513 527 3595 longum
540 3517 589 3578 est
600 3511 652 3576 hio
663 3511 772 3576 omnia
783 3530 972 3579 enumerare
982 3510 1080 3577 verba
1094 3515 1126 3575 et
1141 3508 1261 3574 formas

140 3615 320 3698 verborum,
344 3614 459 3697 quibus
481 3614 610 3680 dativus
632 3633 690 3698 pro
713 3615 952 3699 praepositione
973 3619 1012 3679 55
1033 3611 1168 3678 additur.
1211 3611 1261 3675 Ex

46 3749 51 3762 =
143 3717 272 3782 0515115
297 3716 427 3799 eollegit
448 3717 598 3802 exempla
614 3716 709 3781 huius
731 3718 858 3800 generis
873 3713 1106 3783 Overholthaus
1127 3736 1158 3798 p.
1172 3717 1261 3798 114.

143 3818 316 3883 Praeterea
346 3819 383 3883 ef.
416 3818 526 3901 Reisig
555 3819 671 3884 Α581.
723 3818 848 3898 Jordan
870 3819 935 3886 015
957 3837 1016 3904 pro
1039 3816 1135 3884 Osee.
1152 3821 1199 3903 12,
1214 3820 1264 3883 33.

143 3919 320 3986 Sehneider
352 3920 472 3986 annali.
506 3920 627 4004 philoll.
664 3924 753 3986 1845.
808 3922 954 4006 Draeger
979 3921 1003 4005 I,
1030 3923 1102 3986 304.
1154 3921 1264 3986 Haase

141 4022 280 4088 Vorless.
293 4024 327 4088 II
349 4044 379 4107 p.
397 4025 571 4088 150-152.
615 4023 729 4089 Holtze
744 4024 769 4102 i,
784 4026 856 4089 312.
900 4024 1051 4089 Ktthnast
1073 4044 1104 4108 p.
1122 4025 1188 4086 130.

227 4142 278 4209 II.
311 4141 383 4209 lie:
406 4148 453 4208 De
483 4141 604 4207 indieat
632 4141 871 4227 separationem
899 4162 1019 4226 rerum,
1038 4156 1134 4222 ¹quae
1165 4145 1264 4207 antea

141 4242 330 4325 eonjunotae
345 4245 482 4312 fuerunt
524 4244 572 4309 Ae
586 4245 724 4329 primum
739 4245 869 4329 quidem
892 4245 934 4310 de
947 4245 1017 4308 loeo
1033 4240 1157 4325 dieitur,
1179 4243 1264 4308 unde
