2828 4762
1239 297 1279 357 27

159 467 294 552 puellae.
339 470 411 534 Non
434 473 544 534 tamen
572 467 755 552 negaverim
779 487 875 553 posse
896 468 993 533 etiam
1016 465 1172 550 intellegi:
1199 484 1280 531 eom·

128 624 133 628 .
158 571 253 637 modo
267 592 368 640 meae
390 572 519 657 puellae
541 571 678 637 meinem
700 570 858 636 Madehen
881 590 952 636 zum
974 571 1108 637 Nutnen.
1237 658 1239 661 .

244 680 272 740 5.
294 675 346 739 Ad
373 694 440 740 rem
473 673 710 758 impetrandam
737 674 765 738 si
795 674 872 756 quid
902 675 1024 757 agitur,
1047 696 1108 754 pro
1131 671 1279 756 usurpari

157 782 262 860 potest
283 776 344 859 ita,
373 782 407 842 ut
437 775 510 842 finis
536 785 569 842 et
590 775 714 842 consilii
735 776 823 842 notio
845 776 936 842 insit:
964 775 1136 854 XXXVII,
1161 777 1198 838 13
1221 794 1279 858 pro

158 897 225 960 qua
246 877 324 943 mibi
346 885 420 945 sunt
442 899 561 962 magna
587 878 673 945 bella
698 885 851 965 pugnata.
900 881 987 945 Bene
1010 878 1205 962 Doeringius
1226 896 1279 942 ex·
1323 900 1326 905 “

158 981 271 1065 plieat:
301 981 360 1062 ,de
382 1000 447 1064 qua
476 1001 615 1065 magnae
644 980 723 1046 mibi
749 1003 821 1047 oum
844 981 998 1059 rivalibus
1021 980 1184 1046 excitatae
1205 984 1279 1044 eunt

157 1084 261 1149 lites“.
283 1118 327 1135 -
347 1083 495 1149 Handiua
516 1082 572 1167 qui
594 1083 653 1150 boe
675 1085 869 1171 exemplum,
891 1090 926 1149 ut
945 1103 1044 1169 saepe
1059 1083 1128 1150 alia
1143 1101 1280 1167 quoque,

157 1183 206 1250 bis
235 1185 268 1250 in
296 1186 555 1253 commentariolo
584 1186 626 1251 de
648 1186 887 1273 praepositione
917 1192 1009 1268 ,pro“
1035 1187 1143 1264 affert,
1174 1185 1277 1271 primo

156 1287 225 1352 loeo
248 1288 353 1354 minus
376 1294 460 1355 reete
482 1289 624 1374 explieat
646 1290 706 1354 hoe
729 1289 769 1371 de
792 1288 959 1356 eommodo
983 1282 1015 1355 el
1037 1288 1184 1354 utilitate.

240 1391 280 1458 V.
304 1390 423 1460 clamz
456 1399 537 1459 Clam
566 1392 654 1478 apud
684 1399 812 1478 poetam
840 1399 981 1458 nostram
1010 1391 1197 1458 adverbium
1211 1397 1276 1456 θεῖ.

154 1492 286 1578 Legitur
307 1494 407 1561 semel
429 1496 462 1560 in
485 1515 511 1562 θ.
529 1496 622 1581 XXI,
642 1501 660 1560 5
682 1515 756 1574 ,nee
777 1496 860 1561 elam
884 1516 959 1561 nam
984 1494 1080 1560 simul
1102 1514 1137 1559 θε
1155 1493 1277 1577 joearis
1344 1551 1346 1554 .

154 1601 236 1661 una“
262 1596 323 1663 ie.
345 1597 497 1664 Aurelius
519 1618 651 1684 puerum
674 1604 818 1665 amatum
842 1598 964 1665 catulli
994 1618 1102 1663 eoram
1130 1596 1277 1661 omnibus

155 1697 215 1762 eibi
237 1699 406 1766 eoneiliare
435 1707 569 1766 eonatue
596 1708 652 1767 θεῖ.
674 1739 715 1748 -
738 1701 834 1787 Apud
857 1702 1006 1767 Plautum
1036 1707 1068 1766 et
1090 1699 1275 1765 Terentium

153 1799 235 1864 elam
266 1808 322 1867 aut
355 1803 543 1869 adverbium
579 1812 628 1870 θεῖ
656 1811 712 1869 aut
745 1824 816 1870 oum
850 1805 1034 1870 aeerreativo
1067 1801 1276 1885 conjungitur.

153 1901 199 1968 df.
228 1905 360 1988 Langen
390 1906 543 1991 Beitrage
565 1913 624 1973 eto.
659 1929 690 1993 p.
713 1909 791 1991 229,
828 1909 960 1972 Lorenn.
990 1906 1033 1970 ad
1063 1905 1153 1970 bloet.
1187 1907 1276 1968 1054.

154 2004 248 2087 Aqud
271 2007 471 2092 Ciceronem,
493 2008 675 2094 Caesarem,
698 2009 845 2075 'Iaoitum
868 2009 987 2094 „elam“
1009 2005 1194 2075 adverbium
1217 2013 1274 2070 θεῖ.

239 2108 301 2175 VI.
323 2109 464 2176 Palamt
487 2118 595 2177 Polum
616 2111 700 2178 idem
716 2113 882 2196 estquod:
904 2112 937 2177 in
952 2112 1089 2197 publico.
1124 2107 1274 2194 „Palam“

152 2209 235 2295 agit,
264 2211 319 2295 qui
346 2212 378 2277 in
403 2221 574 2298 conspeetu
598 2215 760 2282 hominurn
785 2217 867 2301 agit,
893 2235 952 2282 nee
978 2215 1063 2281 eolat
1090 2214 1179 2278 faeta
1204 2232 1272 2276 aua.

150 2312 346 2381 Adverbinm
369 2322 418 2380 θεῖ
439 2317 527 2400 apud
550 2317 710 2384 Catullum
734 2324 766 2385 et
788 2317 837 2383 bie
859 2318 982 2402 legitur.
1025 2317 1126 2397 XXV,
1146 2318 1165 2380 8
1188 2331 1273 2397 quae

151 2415 259 2498 palam
282 2415 400 2483 habere
422 2418 514 2484 soles.
558 2420 648 2503 LXI,
674 2424 733 2485 196
761 2421 871 2506 palam
898 2421 997 2506 eupie.
1019 2457 1060 2466 -
1082 2417 1208 2493 LXIII,
1231 2418 1271 2479 74

150 2519 272 2583 sonitus
294 2519 373 2586 abiit
395 2522 515 2606 palam,
529 2562 570 2572 -
585 2524 817 2590 restituendum
839 2530 889 2590 θεῖ
911 2543 950 2589 ex
973 2521 1133 2588 sententia
1152 2518 1273 2584 Handii

149 2623 241 2686 Ture.
256 2611 308 2685 IV'
325 2642 355 2704 p.
371 2623 433 2685 384
450 2632 558 2703 pulum
580 2626 641 2690 ie.
663 2632 698 2690 ut
720 2645 830 2691 omnes
858 2626 1014 2691 audirent
1057 2623 1164 2688 Editio
1186 2621 1272 2706 prin-

150 2739 227 2805 eepe
258 2719 353 2788 babet
378 2731 502 2804 polum,
538 2725 665 2792 eodioes
693 2728 726 2792 in
762 2726 825 2793 fine
855 2727 949 2792 buius
977 2746 1090 2793 versus
1118 2725 1270 2789 laounam

149 2824 311 2909 praebent.
354 2824 456 2905 Quam
489 2828 620 2911 quidem
649 2831 800 2897 lacunam
822 2850 863 2899 ex
885 2830 1013 2916 ingenio
1037 2828 1186 2914 supplere
1208 2832 1271 2890 stu·

147 2927 284 2993 duerunt
306 2927 408 2993 eritioi
431 2931 530 2996 variis
551 2932 683 2998 vocibus
694 2932 727 3019 ¹).

233 3028 316 3097 vll.
341 3029 448 3099 dum:
475 3039 499 3100 l.
515 3035 714 3120 Praepositio
731 3037 939 3122 componitur
954 3037 982 3101 si
1005 3036 1089 3103 duae
1111 3050 1269 3119 personae

146 3134 197 3199 vel
229 3152 279 3200 ree
309 3134 357 3200 ita
385 3135 468 3202 inter
495 3156 530 3203 ee
553 3144 628 3203 eunt
650 3139 856 3224 eonjunotae,
885 3145 920 3205 ut
945 3146 1002 3206 aut
1023 3144 1161 3221 utraque
1183 3135 1268 3201 idem

145 3235 246 3300 faeiat
275 3242 333 3300 aut
362 3237 488 3322 utrique
518 3239 603 3306 idem
634 3242 690 3308 fiat
718 3242 900 3327 (Holtaiue).
948 3243 1013 3326 XI,
1040 3242 1076 3304 16
1106 3260 1178 3305 oum
1200 3237 1268 3303 auis

146 3337 236 3401 vivat
271 3339 422 3407 moechis.
471 3342 578 3426 LXII,
601 3348 640 3407 bl
672 3344 743 3429 ipae
772 3352 864 3430 pater
891 3365 962 3410 eum
993 3349 1096 3409 matre
1126 3340 1268 3407 tradidit.

146 3440 286 3524 LXIIII,
308 3443 369 3505 252
397 3443 555 3509 volitabat
584 3466 656 3513 eum
685 3446 795 3513 tbiaao
825 3448 1013 3532 Satyrorum
1043 3446 1181 3526 LXIIII,
1203 3444 1266 3506 298

226 3699 246 3764 ¹)
255 3695 298 3752 De
311 3697 354 3752 hir
367 3697 535 3770 oonjeoturie
547 3700 613 3757 vide
621 3700 821 3759 Baehreneium
834 3708 863 3759 et
872 3702 999 3759 EllieInm
1012 3703 1048 3758 ad
1060 3701 1134 3757 huno
1145 3714 1265 3756 veroum.

144 3781 355 3851 Proposuernnt
372 3783 426 3839 vlrl
444 3785 520 3840 docti
538 3788 712 3858 „propalam“
729 3788 876 3858 (Silligins,
894 3789 968 3845 huno
980 3787 1106 3845 defendit
1117 3784 1265 3842 Boebmlur

144 3863 256 3928 Quaert.
269 3868 370 3922 catull.
405 3867 474 3925 Bon.
490 3872 568 3927 1862:
587 3873 730 3943 propalam
747 3873 821 3931 uitur
837 3874 924 3943 abiit).
959 3875 1134 3929 Hermaunnr
1150 3869 1265 3939 (annall.

143 3946 238 4017 pbilol.
251 3952 305 4006 vol.
315 3958 347 4008 33
366 3972 393 4024 p.
407 3958 477 4026 249),
496 3957 624 4026 erripuit:
641 3960 779 4028 ,geminat
790 3961 904 4016 deorum
922 3961 958 4016 ad
976 3975 1059 4016 auree
1077 3974 1149 4015 nova
1166 3955 1266 4012 nuntia

143 4033 295 4090 referene.“
330 4038 382 4094 Hie
406 4046 498 4097 autem
516 4042 599 4099 nimia
622 4045 710 4099 multa
735 4045 862 4102 mutavit.
898 4046 1036 4116 Optimum
1060 4045 1125 4101 mibi
1152 4044 1265 4099 videtur

143 4134 240 4174 V⁰⁰0m
260 4120 365 4184 „00¹0r“
389 4126 436 4179 vel
461 4127 563 4190 ,eitue“
587 4128 699 4184 addere.
734 4129 778 4186 Ita
798 4131 827 4185 In
851 4130 1022 4187 editionibus
1044 4129 1214 4185 Laebmanni
1236 4137 1264 4187 et

141 4202 262 4259 Vableni
281 4205 413 4274 legimur:
433 4209 625 4282 ,abiiteeler“,
639 4213 762 4284 Heyriur
781 4221 809 4271 et
820 4215 971 4271 Muellerus
989 4221 1156 4286 receperunt
1175 4218 1264 4282 ,oeler

142 4289 235 4347 abur.
271 4291 356 4347 Falso
372 4292 561 4353 Baehrenriue
578 4297 684 4374 Heydo
701 4301 889 4376 conjecturam
908 4301 1014 4367 ,eitue“
1032 4301 1155 4365 aeonbit.
