2828 4762
1231 307 1271 367 57

152 517 195 527 -
220 479 337 545 Tribus
359 479 438 544 loeis
461 479 663 544 Lucretianis
684 479 802 562 legitur
824 476 1005 543 adverbim:
1031 495 1209 560 proquam
1233 475 1270 538 61.

152 581 391 648 Lachmannum
414 581 457 648 ad
481 582 534 664 VI,
552 587 586 646 11
611 589 644 648 61
665 581 829 647 llandium
851 582 884 645 in
908 582 1000 646 'l‘urs
1016 578 1062 644 IV
1086 599 1116 663 p.
1131 581 1204 644 616.

236 683 333 752 Cum.
378 684 579 770 Praepositio
606 688 712 765 ,6661ι
739 703 865 768 semper
894 682 1079 748 soeietatem
1107 679 1270 765 quandam

150 785 325 871 signifieat3
355 806 551 870 quamquam
583 807 661 852 usus
683 786 777 852 huius
800 783 1049 871 praepositionis
1072 789 1137 848 tam
1161 783 1271 847 varius

150 896 199 955 est
221 896 253 954 et
279 889 460 974 multiplex,
489 895 596 956 tamon
626 910 689 954 non
719 888 853 953 multum
881 888 1014 953 interest
1043 886 1127 953 inter
1157 886 1271 950 Luere-

150 992 271 1056 tianum
295 997 327 1057 61
350 991 566 1057 catullianum
587 1012 689 1076 genus
711 990 855 1074 diuendil,
880 989 987 1073 quoad
1010 989 1053 1054 ad
1077 987 1159 1053 hano
1181 1006 1271 1073 prae-

150 1093 340 1178 positionem
358 1094 484 1161 attinet.
528 1094 838 1161 Commemoratione
858 1093 979 1176 dignae
993 1097 1067 1156 sunt
1081 1090 1271 1157 loeutiones:

150 1195 261 1275 „simul
291 1215 379 1280 oum,
408 1215 474 1261 una
496 1216 584 1281 oum,
605 1197 727 1282 pariter
754 1199 856 1278 oum“,
883 1196 961 1278 quia
991 1201 1058 1258 tam
1088 1195 1271 1276 frequenter

150 1305 324 1363 ooourrunt.
375 1298 542 1364 Lueretius
576 1299 667 1364 dieit:
697 1299 870 1382 „jungere“
899 1317 924 1362 6.
953 1296 1019 1363 dat.
1053 1303 1087 1361 ut
1118 1294 1272 1378 Catullus,

149 1399 206 1464 sed
229 1399 326 1466 etiam
350 1399 505 1484 ,jungere
528 1402 618 1467 oum“
640 1421 720 1466 non:
743 1419 905 1485 „pugnare
921 1403 1026 1481 oum“;
1055 1398 1154 1464 verba
1176 1397 1270 1463 huius

147 1503 276 1585 generis
311 1502 479 1568 Lueretius
516 1522 586 1568 oum
619 1502 729 1568 dativo
768 1501 940 1586 conjungit.
992 1500 1168 1582 „Profioisei
1197 1519 1269 1564 eum

149 1605 285 1687 elasse“,
307 1609 411 1685 „eum“
434 1625 492 1689 pro
515 1605 656 1675 ablativo
685 1605 902 1684 instrumenti,
937 1607 1043 1685 „oum“
1073 1623 1130 1688 pro
1160 1622 1269 1688 praep.

149 1705 287 1789 „apud“,
325 1705 358 1770 in
394 1706 534 1772 Lucretii
564 1707 654 1772 libris
685 1728 747 1772 non
775 1707 944 1773 invenitur.
995 1707 1043 1771 De
1079 1705 1269 1771 vestimento

149 1806 197 1893 (ut
221 1808 311 1892 apud
333 1811 495 1875 Plautum:
517 1829 588 1875 oum
611 1810 726 1895 pallio)
747 1816 780 1876 61
801 1810 843 1875 de
864 1817 1006 1894 tempore
1028 1828 1088 1874 neo
1102 1809 1270 1873 Lueretius

148 1930 206 1976 nee
223 1911 370 1977 Catullus
393 1913 662 1997 praepositionem
686 1917 791 1994 „oum“
814 1917 1057 1996 usurpaverunt.
1100 1912 1173 1976 Non
1196 1931 1269 1975 raro

150 2013 332 2079 invenimus
365 2014 453 2100 apud
482 2015 663 2083 Lucretium
701 2035 789 2097 „oum
818 2015 947 2100 primis“
982 2034 1040 2099 pro
1070 2013 1269 2098 „imprimis“.

150 2115 199 2181 De
221 2116 403 2183 eonditione
425 2118 511 2183 vitae
534 2124 566 2183 et
587 2118 687 2187 animi
709 2119 750 2203 (I,
766 2121 836 2183 287.
860 2118 894 2200 V,
911 2118 997 2199 867),
1019 2116 1060 2182 de
1075 2116 1169 2181 rebus
1184 2135 1268 2198 quae

133 2237 215 2283 ,1661
247 2218 391 2300 aliquam
422 2219 580 2302 agendam
612 2220 757 2287 eomitari
779 2220 940 2302 videntur,
969 2219 1009 2285 de
1032 2217 1126 2311 moslo
1149 2217 1267 2304 (Haud.

148 2322 240 2388 Turs.
262 2343 293 2406 p.
320 2324 392 2406 155)
424 2343 522 2409 saepe
551 2328 656 2404 „eum“
680 2329 867 2408 usurpatum
889 2329 939 2389 est
961 2343 981 2387 a
1005 2320 1162 2387 Lueretio.
1205 2322 1267 2385 Pro

148 2422 292 2488 ablativo
314 2425 481 2508 qualitatis
510 2431 619 2492 exstat
641 2428 675 2508 I,
698 2428 771 2492 347.
793 2428 862 2491 755.
896 2424 939 2509 V,
962 2427 1034 2490 352.
1056 2426 1125 2489 364.
1159 2423 1217 2506 Vl,
1239 2427 1267 2489 5.

147 2526 189 2608 II,
211 2529 283 2592 367.

234 2625 328 2695 Sine.
373 2628 636 2712 Simplieissimus
658 2635 797 2695 6616666
814 2630 906 2694 huius
922 2627 1179 2714 praepositionis,
1201 2648 1266 2711 qua

147 2729 188 2795 de
211 2750 311 2795 eausa
331 2729 503 2797 discrimen
527 2732 610 2797 inter
631 2737 744 2816 poetas
767 2753 829 2797 non
853 2739 910 2798 est.
954 2733 991 2796 Iu
1014 2730 1154 2796 Lueretii
1177 2730 1266 2795 libris

147 2830 282 2914 legimus
312 2852 351 2898 ex
382 2831 508 2916 vulgari
537 2833 594 2899 illa
621 2834 708 2917 lege:
730 2836 777 2917 II,
797 2837 858 2898 423
881 2841 973 2914 „aaut
1001 2841 1066 2899 sine
1094 2832 1265 2918 principali

146 2941 248 3014 aliquo
269 2934 396 3018 livore“,
425 2940 535 3001 eontra
557 2937 607 3019 H,
631 2939 692 3000 939
722 2937 809 3018 „sine
831 2936 927 3002 odore
952 2935 1044 3002 ullo“.
1086 2934 1182 3019 Apud
1206 2934 1266 2999 Ca·

145 3036 257 3101 tullum
281 3037 425 3114 fortasse,
439 3057 497 3121 per·
518 3057 624 3104 nasum
649 3057 822 3124 pronomen
844 3037 991 3103 additum
1013 3057 1077 3102 nou
1100 3043 1157 3101 est.

232 3140 352 3206 'lenus
375 3161 396 3205 a
418 3138 567 3208 Lueretio
597 3147 631 3206 61
653 3161 674 3205 a
697 3140 825 3206 Catullo
853 3139 1052 3225 oomponitur·
1078 3158 1148 3203 oum
1171 3158 1265 3222 gene-

144 3241 210 3305 tivo
225 3242 368 3326 pluralis,
383 3241 583 3307 substantivo
598 3243 800 3329 postponitur
816 3244 838 3327 l,
854 3245 925 3307 940.
947 3241 1000 3320 IV,
1020 3245 1071 3306 15:
1087 3241 1263 3322 „labrorum

144 3347 262 3408 tenus“.
313 3345 462 3410 Plautum
494 3350 621 3426 „tenus“
656 3365 727 3410 oum
757 3365 835 3411 nasu
871 3352 961 3409 sexto
992 3343 1194 3426 conjunxisse
1223 3364 1264 3409 ex

145 3446 228 3511 Men.
250 3445 290 3528 V,
312 3449 348 3529 2,
370 3450 430 3510 1116
452 3447 593 3531 intellegi
616 3454 732 3532 potest:
756 3468 827 3513 osse
850 3453 950 3514 tenus.
996 3447 1093 3512 Plura
1115 3446 1265 3532 exempla

145 3547 291 3614 Holtnius
321 3569 384 3614 non
416 3549 510 3614 affert
541 3570 580 3615 ex
609 3551 815 3635 scriptoribus
837 3550 959 3636 priscis.
1006 3556 1088 3616 Clam
1110 3556 1141 3615 et
1158 3558 1265 3632 palam

144 3650 230 3735 apud
252 3657 421 3734 utrumque
442 3658 569 3736 poetam
592 3652 740 3719 adverbii
764 3672 894 3719 munere
916 3653 1096 3736 funguntur.

239 3925 525 4025 praepositiones
552 3947 628 4007 6616
657 3930 803 4026 utroque
830 3947 917 4007 casu
946 3929 1164 4027 6661616166.

229 4076 274 4142 In
299 4095 328 4144 6.
353 4081 422 4144 6111.
453 4079 539 4164 apud
563 4081 744 4146 Lucretium
771 4081 972 4163 eonjunotum
1001 4086 1140 4145 6616616
1164 4082 1262 4145 nomi·

103 4225 108 4234 .
142 4179 237 4244 nibus
259 4179 321 4244 looi
343 4190 375 4247 et
397 4181 437 4246 iis
459 4201 545 4264 quae
568 4202 624 4267 per
647 4182 868 4268 metaphoram
891 4203 948 4268 pro
970 4182 1039 4248 looo
1055 4181 1261 4268 aooipiuntur.

142 4282 229 4349 Usus
260 4280 344 4348 idem
376 4288 425 4349 est
454 4289 488 4348 ut
523 4284 612 4370 apud
642 4284 811 4350 Catullum.
863 4284 913 4349 Ex
947 4283 1091 4351 versibus
1122 4285 1262 4351 Lueretii
