2828 4762
1225 307 1266 368 25

144 493 199 541 ore
227 482 380 543 maneret
402 515 446 525 —
467 477 541 561 XO,
568 482 580 541 1
607 483 760 543 nascatur
789 496 807 542 e
837 477 922 542 Gelli
953 475 1092 541 nefando
1118 475 1268 558 conjugio

144 581 207 643 r.3
230 598 257 645 e.
272 600 297 645 o.
327 599 368 646 ex
398 586 502 646 matre
530 586 562 645 et
592 585 703 664 gnam
718 579 870 663 gignatur
899 585 1031 664 oportet.
1076 577 1164 662 CXI,
1186 582 1204 640 4
1227 596 1268 643 ex

144 687 258 765 patruo
273 683 390 748 fratres
406 683 584 769 susoripere
595 681 628 769 ¹).
658 684 707 748 De
721 682 829 766 „nasei
845 683 883 746 a“
897 681 974 747 vide
989 701 1099 766 praep.
1115 687 1153 747 ab
1169 681 1225 748 Nr.
1240 684 1268 748 3.

233 787 280 850 14.
309 783 450 868 Originis
481 784 602 850 notioni
632 784 746 850 similis
774 793 824 851 est
857 784 945 849 notio
975 783 1268 849 transmutationis:

144 886 259 968 XOIX,
285 889 322 951 13
345 906 385 952 ex
408 887 572 954 ambrosia
595 893 762 955 mutatum.
1021 895 1022 898 ’

232 992 280 1056 15.
309 996 360 1056 Ea
389 988 506 1056 dieitur
533 991 574 1056 de
600 989 707 1074 patria
737 991 757 1054 i.
779 1011 807 1057 e.
834 990 875 1056 de
905 989 1043 1073 origine,
1073 987 1159 1054 unde
1190 987 1268 1071 quid

145 1097 247 1156 ortum
270 1097 332 1156 est:
353 1093 429 1176 XII,
448 1097 485 1156 14
508 1092 639 1158 sudaria
662 1112 702 1158 ex
717 1092 837 1158 Hibero
859 1091 1015 1157 miserunt
1037 1090 1123 1156 mihi.
1168 1089 1268 1173 [Nihil

146 1192 190 1257 ad
212 1213 292 1276 rem,
314 1201 419 1259 utrum
442 1218 482 1261 ex
503 1201 595 1262 lbere
616 1215 660 1259 an
682 1217 721 1261 ea
743 1200 866 1262 Hiberis
888 1196 994 1277 legas,
1027 1216 1067 1259 ex
1096 1197 1187 1259 Ibero
1206 1191 1227 1258 i.
1241 1212 1267 1258 e.

148 1314 166 1360 e
200 1302 285 1362 terra
314 1317 410 1379 quam
442 1298 519 1365 Iber
545 1297 661 1381 undat,
698 1298 890 1382 optimorum
923 1296 1066 1362 eodioum
1095 1297 1270 1360 auotoritas

143 1401 268 1480 tuetur]
320 1400 404 1465 Nam
436 1405 589 1467 ealhere
614 1400 683 1466 sine
707 1400 771 1465 ullo
794 1400 890 1465 dubio
914 1399 958 1464 ad
979 1406 1108 1466 sudaria
1129 1397 1268 1482 pertinet

143 1519 207 1564 non
230 1501 273 1565 ad
295 1511 452 1568 miserant.

232 1606 279 1668 16.
301 1604 388 1678 XVI,
412 1608 430 1668 3
452 1622 493 1670 ex
514 1605 681 1670 versieulis
703 1606 783 1670 meis
810 1604 950 1690 putastis
972 1623 1087 1688 parum
1109 1603 1269 1687 pudieum.

145 1742 187 1751 -
208 1705 277 1770 Hoe
299 1707 333 1771 in
355 1727 450 1772 versu
473 1714 530 1772 aut
552 1731 591 1774 ea
611 1708 697 1773 idem
721 1714 785 1791 est,
813 1708 899 1792 quod
924 1719 1060 1789 propter
1083 1713 1115 1770 et
1137 1725 1268 1770 oausam

144 1806 276 1892 indioat,
297 1815 353 1875 aut
368 1830 427 1894 pro
441 1818 607 1877 secondom
623 1817 811 1895 usurpatur:
835 1811 868 1875 in
883 1809 1032 1874 Hinsiolrt
1050 1809 1115 1894 auf,
1130 1815 1268 1890 gemass,

144 1909 223 1974 illud
245 1913 325 1976 verti
349 1919 471 1996 potest:
493 1913 526 1978 in
548 1913 649 1996 Folge
671 1934 743 1978 von.

173 2027 178 2036 ·
232 2016 280 2079 17.
302 2021 353 2079 Ex
381 2015 422 2081 de
452 2020 594 2100 tempore
623 2014 742 2081 dietum
774 2016 913 2099 spatium
944 2013 1080 2080 aetionis
1110 2011 1270 2096 exprinlit.

145 2114 205 2178 Est
226 2114 323 2198 igitur
345 2116 431 2182 idem
455 2118 557 2200 quod:
580 2118 649 2184 seit.

184 2308 187 2312 ἡ
231 2218 285 2297 IV,
305 2222 342 2282 15
358 2221 472 2286 ultima
488 2240 528 2286 ex
544 2221 668 2305 origine
684 2221 810 2286 stetisse
825 2221 858 2286 in
876 2219 1050 2286 oaeumine.
1078 2218 1211 2302 XXXV,
1229 2222 1268 2280 14

144 2338 207 2401 quo
229 2327 372 2407 tempore
394 2343 434 2389 ex
458 2343 497 2389 eo
520 2323 619 2389 edunt
641 2323 825 2389 medullam.
869 2324 1005 2407 LXIIII,
1026 2324 1065 2386 73
1090 2320 1182 2386 ferox
1204 2340 1268 2403 quo

144 2443 184 2488 ex
207 2429 358 2510 tempore.
401 2426 517 2511 LXVI,
531 2430 572 2491 60
595 2445 635 2492 ex
659 2426 840 2492 Areadneis
862 2425 1067 2510 temporibus.
1089 2460 1131 2472 —
1152 2423 1267 2507 Praep.

144 2548 184 2592 ea
207 2547 277 2592 oum
300 2530 469 2612 temporali
498 2530 556 2594 illa
582 2529 713 2595 notione
735 2530 802 2594 iam
826 2529 912 2614 apud
937 2529 1086 2594 Plautum
1108 2525 1269 2591 invenitur

145 2627 237 2714 (Pers
252 2628 337 2715 479),
359 2637 426 2695 tum
449 2630 537 2714 apud
560 2649 671 2696 omnes
693 2632 864 2715 seriptores
884 2651 925 2697 ex
939 2631 994 2695 illo
1010 2637 1153 2714 tempore
1168 2647 1269 2710 usque

145 2728 187 2793 ad
210 2730 380 2797 Horatium
412 2751 511 2818 saepe
541 2733 666 2816 legitur.
710 2734 862 2799 Attamen
884 2733 1004 2818 eonfer,
1031 2732 1118 2815 quod
1140 2731 1268 2815 Hupius
1320 2819 1323 2826 ἡ

145 2854 176 2917 p.
192 2835 232 2898 37
255 2833 352 2900 dioit:
371 2835 501 2920 saepius
524 2844 622 2920 atque
645 2836 759 2902 melius
781 2836 843 2901 diei
866 2841 958 2921 puto:
992 2833 1122 2915 ,ultima
1143 2833 1186 2899 ab
1208 2833 1268 2897 ori-

143 2935 246 3020 gi'ne“.
268 2973 311 2985 —
333 2939 500 3005 Lueretius
515 2945 564 3005 ter
578 2939 706 3023 seripsit
724 2940 782 3019 ,ab
798 2939 937 3023 origine“
956 2959 1115 3021 nusquam
1135 2957 1193 3016 ,ex
1209 2935 1268 3000 ori-

143 3037 246 3122 gine“.
297 3042 336 3105 In
372 3040 492 3107 Catulli
526 3042 720 3107 carminibus
754 3047 861 3107 autem
899 3047 1012 3125 quater
1044 3039 1179 3123 legimus
1216 3060 1266 3118 ex,

144 3141 243 3207 semel
267 3142 361 3207 modo
384 3147 422 3208 ab
446 3163 516 3209 oum
540 3144 681 3210 notione:
710 3144 782 3211 seit.
833 3144 1010 3228 Praecipue
1032 3161 1108 3224 ergo
1131 3160 1267 3226 praepo·

145 3243 291 3311 sitionem
330 3251 406 3325 ,ex“
443 3247 486 3312 ad
520 3247 617 3313 talem
648 3248 810 3314 notionem
840 3244 1085 3330 significandam
1119 3243 1267 3311 Catullus

145 3365 275 3412 amasse
296 3347 430 3416 videtur.

233 3451 279 3517 18.
301 3450 451 3518 Editores
473 3451 617 3519 nonnulli
632 3451 773 3536 Martyni
789 3453 944 3534 Lagusae
960 3449 1151 3533 seripturam
1174 3468 1266 3532 prae·

143 3550 221 3617 bont
234 3553 268 3617 in
284 3575 309 3620 e.
324 3555 460 3640 LXIIII,
475 3556 552 3620 363:
578 3574 635 3634 ,ex
659 3556 774 3638 eels0“,
796 3553 891 3619 aeteri
913 3552 1064 3618 editores:
1090 3551 1266 3630 ,exoelso“.

143 3654 301 3740 Equidem
324 3658 450 3722 malim:
476 3664 578 3737 ,teres
594 3657 720 3722 bustum
736 3656 862 3722 exeelso
878 3674 996 3740 aggere
1011 3658 1267 3728 ooaeeruatum“.

144 3764 195 3823 Ea
216 3778 328 3844 praep.
350 3759 422 3843 illa,
445 3759 472 3825 si
495 3758 710 3843 disjungimus
733 3778 803 3825 eam
827 3766 964 3842 arelao,
991 3756 1158 3823 materiam
1181 3755 1266 3820 busti

143 3857 275 3926 indieat.

232 4029 253 4094 ¹)
271 4029 314 4084 De
332 4035 438 4086 mutata
456 4030 536 4086 huius
553 4030 634 4087 verbi
652 4029 857 4101 signifiestione
875 4028 951 4100 apud
968 4028 1097 4084 Plautum
1115 4032 1145 4081 et
1163 4026 1265 4082 Teren-

142 4113 212 4168 tium
231 4113 267 4170 ef.
285 4116 402 4183 Langen
419 4116 548 4186 Beltrltge
567 4133 594 4185 p.
606 4119 664 4171 313.
700 4115 826 4172 catullus
848 4114 976 4184 seqnitur
999 4128 1079 4169 usum
1103 4111 1264 4167 Plautinum

141 4199 376 4356 lisutirlslfficipm
399 4208 449 4255 ex“
472 4201 508 4256 de
531 4206 619 4257 matre
644 4201 727 4271 dixit,
751 4199 900 4256 Terentius
928 4198 1103 4267 ,suseipere“
1126 4199 1161 4254 de
1185 4204 1265 4269 patre
