2828 4762
1242 317 1279 376 et

160 495 194 551 ut
223 487 299 551 mihi
331 487 457 552 videtur
487 485 527 550 de
558 491 645 549 motu
676 485 708 548 in
739 485 842 548 locum
872 483 956 549 hunc
977 503 1104 549 versum
1127 486 1285 570 intelligit,

161 589 337 654 occasionis
359 589 411 653 vel
428 607 547 653 causae
564 587 753 670 significatio
769 588 907 652 tortasse
921 587 1005 651 inest
1022 586 1126 671 (Beim
1144 587 1284 674 Schlag).

160 729 198 738 -
232 691 323 769 ,Ad“
354 691 550 776 praepositio
584 690 650 756 sere
685 689 751 774 proi
778 689 888 753 dativo
921 690 1027 773 posita
1063 696 1113 755 est
1148 692 1199 776 II,
1224 694 1283 754 135

159 796 307 879 proxima
329 801 403 859 sunt
425 794 466 858 ad
489 794 567 858 viris
589 793 827 877 principiorum.

201 975 203 978 y
245 897 363 980 Apud:
387 896 587 981 Praepositio
611 895 698 980 apud
721 895 911 960 a'Lucretio
933 896 1153 961 tantummodo
1176 896 1217 961 de
1239 896 1285 960 vi·

161 1000 247 1065 cinia
267 1020 373 1066 rerum
397 999 512 1064 dicitur
533 1000 586 1080 VI,
603 1001 664 1062 848
680 998 767 1081 apud
784 997 930 1062 Hanonis
944 997 1053 1062 tanum
1073 1003 1130 1065 est.
1152 999 1283 1080 v1‚747

165 1103 303 1181 ,Cumas
326 1102 442 1187 apud“,
465 1084 608 1167 Catullus
624 1100 841 1165 contradicit:
865 1101 1027 1180 „Paduam
1044 1139 1084 1147 —
1101 1101 1144 1166 ad
1159 1097 1284 1185 ipsam“
1317 1133 1319 1138 ·
1337 1183 1339 1186 Α

162 1226 233 1270 cum
255 1205 369 1270 eadem
391 1204 630 1288 significatione.
675 1203 723 1268 De
746 1202 806 1267 hoc
827 1223 886 1267 usu
912 1203 949 1267 cf.
973 1202 1133 1268 Greefinm
1155 1204 1189 1267 in
1211 1201 1285 1268 Phi·
1353 1215 1357 1223 ·

161 1307 266 1391 lologo
287 1310 350 1372 vol.
365 1307 497 1372 XXXII
512 1328 542 1391 p.
558 1310 629 1372 573.
666 1306 864 1388 Draegerum
881 1307 919 1372 H.
936 1306 968 1372 S.
983 1309 998 1370 Ι
1014 1327 1043 1391 p.
1061 1309 1131 1373 585.
1166 1307 1286 1372 Ascri-

160 1410 303 1494 ptoribus
333 1430 413 1492 quos
443 1411 596 1475 classicos
624 1428 777 1474 vocamus
808 1428 932 1492 sempor
959 1408 1025 1474 fere
1053 1409 1128 1488 „ad“
1160 1410 1285 1475 urbium

160 1512 344 1577 nominibus
360 1513 542 1597 apponitur,
557 1532 629 1576 raro
646 1511 747 1596 (apud
764 1511 937 1577 Caesarem
953 1510 1017 1597 bis)
1033 1512 1168 1596 „apud“;
1191 1513 1286 1578 aliter

162 1616 275 1679 comici
296 1621 328 1680 et
349 1616 542 1699 posteriores
572 1615 756 1699 scriptoreS,
784 1614 838 1696 qui
867 1613 987 1698 „apud“
1010 1613 1051 1680 de
1074 1615 1205 1681 urbibus
1226 1635 1285 1699 pro
1348 1680 1349 1684 ,

162 1717 229 1797 „in“
252 1717 409 1784 dicebant

248 1820 382 1902 Prope:
406 1820 449 1885 Ut
472 1819 559 1904 apud
583 1819 745 1900 Plautum,
767 1819 814 1882 ita
836 1818 925 1902 apud
947 1819 1129 1884 Lucretium
1153 1839 1285 1904 praepo-

163 1923 236 1987 sitio
258 1924 357 1988 semel
379 1930 503 1989 tantum
526 1922 652 2004 legitur,
675 1923 776 1987 etita
799 1921 927 2003 quidem
951 1927 986 1986 ut
1008 1921 1140 1991 deloco
1163 1921 1287 1986 dicatur

163 2027 223 2108 VI,
245 2027 314 2089 848.
352 2025 549 2090 Adverbium
577 2045 735 2107 nusquam
759 2031 816 2089 est.
863 2024 959 2108 Apud
983 2023 1143 2089 Catullum
1173 2029 1288 2106 quater

164 2128 430 2211 praepositionis,
453 2128 552 2192 semel
575 2126 720 2192 adverbii
743 2127 848 2191 locum
871 2132 965 2192 tenet.
1009 2129 1114 2211 Prope
1137 2125 1177 2192 de
1199 2133 1287 2191 motu

163 2235 195 2295 et
218 2230 530 2316 appropinquatione
553 2230 671 2294 dietum
695 2230 781 2313 apud
804 2229 931 2294 Livium
953 2231 1090 2314 primum
1113 2235 1232 2296 exstat.
1268 2265 1270 2271 ·

249 2333 419 2417 Propter:
454 2333 655 2418 Praepositio
689 2335 852 2416 „propter“
888 2351 972 2413 quae
1008 2332 1095 2415 apud
1127 2331 1289 2398 Catullum

165 2436 263 2501 semel
287 2456 357 2501 curn
380 2437 442 2501 loci
465 2434 698 2519 significatione
721 2435 857 2518 ponitur,
880 2435 1063 2500 aLneretio
1086 2441 1120 2498 ut
1136 2454 1156 2498 a
1174 2433 1288 2518 priscis

165 2538 371 2623 scriptoribus
402 2546 433 2602 et
463 2539 608 2603 adverbii
640 2545 672 2602 et
699 2537 950 2620 praepositionis
978 2537 1048 2601 loco
1078 2557 1178 2621 saepe
1205 2557 1291 2601 usur-

165 2648 277 2724 patur,
299 2647 412 2722 quater·
436 2640 541 2705 decies
564 2660 634 2704 oum
657 2641 731 2720 loci,
758 2639 935 2704 terdecies
958 2658 1028 2704 cum
1051 2658 1170 2705 causae
1193 2637 1289 2721 signi·

165 2742 324 2807 ficatione.
347 2743 376 2806 H
399 2763 428 2826 p.
445 2745 494 2806 84.

251 2845 384 2912 Juxta:
409 2845 497 2929 apud
520 2844 701 2909 Lucretium
731 2845 836 2908 locum
863 2863 927 2907 non
950 2845 1015 2907 iam
1039 2843 1134 2909 habet
1156 2842 1229 2928 (sed
1251 2844 1289 2908 ct.

167 2949 201 3013 L.
221 2947 269 3012 ed.
285 2946 452 3012 Eiehsttdt
468 2949 493 3029 I,
509 2949 570 3010 846
586 2946 667 3026 „iliis
682 2947 790 3010 iuxta“
806 2946 826 3010 i.
842 2965 866 3010 e.
883 2946 1012 3028 „eodem
1027 2945 1122 3010 modo
1138 2965 1200 3028 quc
1215 2944 1291 3028 illi“;

165 3068 248 3114 nunc
270 3049 412 3115 deletum
437 3049 498 3132 est)
529 3068 611 3131 quae
642 3068 694 3113 res
724 3047 947 3137 nos-fortasse
974 3067 1011 3113 eo
1034 3048 1139 3128 magis
1161 3067 1291 3113 movere

166 3160 285 3237 potest,
314 3171 355 3217 ne
384 3152 468 3218 hanc
497 3171 606 3216 vocem
638 3150 822 3234 conjectura
844 3151 878 3215 in
902 3149 1021 3214 Catulli
1045 3149 1190 3215 carmina
1213 3151 1290 3215 reci·

166 3255 302 3337 piamus.
353 3255 555 3338 Praepositio
586 3255 709 3333 „iuxta“
740 3252 815 3317 inde
844 3273 864 3316 a
895 3252 1037 3317 Caesare
1072 3252 1105 3315 ia
1142 3252 1289 3317 latiorem

167 3376 258 3420 usum
290 3358 441 3440 pervenit.
491 3357 670 3440 Scriptores
699 3355 816 3420 aetatis
846 3354 1064 3420 antecedentis
1093 3353 1176 3419 hanc
1199 3374 1290 3438 prae·

167 3458 356 3542 positionem
373 3479 436 3522 non
452 3458 623 3522 adamasse
639 3457 794 3522 videntur.
838 3455 1033 3521 Aduerbium
1050 3457 1141 3520 iuxta
1157 3457 1288 3540 saepius

167 3560 255 3645 apud
272 3562 420 3626 Plautum
444 3560 645 3642 conjunctum
661 3581 732 3624 oum
748 3579 857 3644 praep.
879 3563 985 3639 „cum“
1001 3560 1170 3642 invenitur,
1192 3560 1289 3642 signi-

166 3664 313 3730 ficatione
336 3664 513 3745 „similiter,
543 3667 665 3745 aeque“
695 3664 885 3747 praeditum.
934 3662 1088 3727 Aduerbii
1110 3663 1180 3727 loeo
1202 3663 1290 3747 apud

167 3766 349 3832 Lucretium
372 3767 523 3851 „iuxtim“
546 3764 752 3850 (aequaliter)
777 3765 825 3830 iris
848 3764 1036 3830 invenimus.
1059 3766 1097 3830 H.
1120 3786 1150 3848 p.
1169 3767 1236 3831 158.

252 3867 419 3936 't‘raeterr
459 3869 545 3933 Usus
581 3867 676 3950 hujus
712 3866 961 3951 praepositionis
991 3868 1079 3951 apud
1108 3867 1289 3933 Lucretium

167 3969 265 4040 latius
294 3977 384 4054 patet
414 3991 511 4053 quam
542 3969 630 4054 apud
662 3969 830 4035 Catillum.
889 3970 1012 4034 Eodem
1048 3968 1142 4033 modo
1177 3989 1240 4051 quo
1269 3988 1290 4033 a

167 4072 282 4156 priscis
308 4074 514 4156 scriptoribus
537 4073 588 4158 (ot.
611 4072 715 4138 Holtz.
738 4093 762 4138 s.
777 4093 807 4156 p.
822 4091 847 4137 s.
861 4073 881 4135 l.
903 4093 932 4156 p.
948 4069 1025 4155 215)
1054 4075 1215 4155 „praeter“
1245 4071 1290 4135 di-

168 4175 284 4240 citura
299 4175 446 4239 Lucretio
463 4175 596 4258 deloco,
618 4175 658 4240 de
671 4194 704 4238 re
715 4172 899 4254 excedente,
922 4172 962 4237 de
975 4172 1171 4256 exceptione,
1191 4173 1289 4238 etiam

167 4276 311 4342 adverbii
339 4277 442 4343 locum
474 4281 634 4360 „praeter“
666 4283 761 4339 tenet.
813 4275 915 4339 Valde
945 4282 1051 4339 antem
1082 4275 1212 4339 dubium
1242 4283 1291 4340 est

1051 4393 1086 4447 4*
