2828 4762
137 289 187 358 ¹32

230 457 343 541 Praep.
365 465 396 522 ia
417 476 475 541 pro
497 463 593 539 apud,
622 463 672 536 od,
696 464 783 524 circo
810 456 917 541 posita
949 475 1020 523 esse
1050 457 1183 541 videtur,
1213 457 1269 524 ubi

143 580 202 624 nos
225 559 359 624 dicimus
382 559 447 642 auf,
469 580 522 644 au,
544 559 604 640 bei,
629 559 686 624 sed
708 559 832 624 Latini:
854 558 896 627 in.
985 548 990 555 ’

230 663 283 742 Ι,1
309 668 342 727 iu
365 662 436 726 sinu
459 669 565 727 tenere
587 662 663 744 IIII,
683 667 717 725 11
743 661 874 746 Cytorio
897 664 930 726 iu
947 661 1028 746 jugo
1052 662 1179 727 sibilum
1198 663 1269 728 adi·

143 765 199 832 dit.
242 766 326 850 1111,
351 769 389 829 16
418 764 546 829 stetisse
575 763 653 829 dicit
682 764 716 828 iu
744 765 916 831 cacumine.
939 766 1055 831 -Ita
1077 765 1269 849 saepissime

143 866 230 952 apud
254 867 423 934 Catullum.

228 970 374 1054 LXVI,7
400 968 550 1051 Plerique
572 969 709 1035 editores
733 968 816 1035 bunc
839 988 964 1035 vorsum
988 970 1035 1034 ita
1057 970 1270 1054 scripserunt:
1302 1021 1304 1024 ,

147 1073 266 1154 „Idem
285 1091 336 1137 me
363 1072 416 1137 ille
441 1072 551 1137 Conon
574 1072 704 1137 coelesti
727 1072 761 1136 iu
782 1070 903 1137 lumine
925 1071 1006 1136 vidit
1027 1109 1068 1118 -—
1093 1072 1186 1138 Clare
1209 1072 1268 1137 lul-

142 1181 300 1260 gentem‘,
323 1174 419 1258 quod,
441 1181 475 1238 ut
497 1174 545 1238 illi
566 1180 690 1258 putant,
713 1173 773 1239 hoc
795 1174 889 1238 modo
905 1173 1011 1257 magis
1030 1194 1203 1259 expressus
1219 1181 1270 1240 est

143 1298 255 1344 versus
287 1276 492 1343 Callimachi:
520 1267 554 1361 μ’
579 1272 717 1361 ἔβλεψεν
747 1275 785 1342 ἐν
814 1268 896 1363 ἥερι.
949 1277 1011 1342 Vix
1041 1284 1133 1344 recte.
1183 1277 1268 1342 Nam

147 1379 203 1460 „iv
224 1373 315 1467 ἥερι“
340 1399 404 1444 nou
426 1379 513 1445 idem
536 1385 585 1444 est
608 1378 693 1463 quod
719 1379 770 1460 „in
791 1379 944 1462 lumine“,
965 1379 999 1443 in
1021 1379 1142 1446 lumine
1159 1385 1268 1444 autem

144 1482 271 1549 stellam
295 1481 459 1564 quandam
483 1481 569 1547 clare
591 1482 765 1564 fulgentem
787 1481 897 1546 villere
920 1480 1049 1546 omnino
1072 1502 1136 1548 non
1157 1501 1269 1566 possu-

144 1606 223 1653 mus.
278 1583 492 1662 Quamobrem
522 1583 691 1649 retinenda
721 1591 770 1648 est
800 1584 943 1649 codicum
976 1584 1085 1650 lectio:
1115 1583 1269 1662 „caelesti

143 1688 293 1752 numine“
315 1686 349 1751 in
371 1704 436 1768 qua
459 1684 540 1750 nihil
563 1685 762 1751 difficultatis
784 1685 890 1751 inesse
909 1687 1014 1752 video.
1058 1686 1093 1752 Si
1109 1685 1186 1769 quid
1201 1706 1269 1750 mu-

142 1790 276 1855 tandum
299 1788 341 1853 sit
362 1787 489 1853 malim:
517 1786 647 1854 coelesti
668 1787 702 1852 iu
717 1786 836 1853 limine.
868 1788 1028 1867 „Liminc“
1054 1786 1182 1873 scripsit
1199 1788 1268 1853 iam

142 1893 305 1975 Heinsius,
337 1892 388 1970 „in
411 1890 539 1955 limine“
569 1890 734 1975 proposuit
764 1889 863 1956 etiarn
884 1890 1107 1956 Froehlichius
1128 1889 1269 1976 (Mincii

143 1994 243 2060 Aeaci.
259 1994 294 2075 V,
311 1992 398 2077 ⁶259).
441 1992 654 2057 Commendat
669 1991 753 2058 haue
767 2011 878 2059 vocem
893 1992 1029 2058 fortasse
1045 2012 1157 2058 versus
1172 2012 1268 2074 quem

141 2097 257 2163 laudat
286 2095 413 2161 Riesius
443 2095 510 2180 (lat.
536 2094 623 2160 autb.
645 2114 670 2160 c.
691 2097 769 2177 916,
791 2095 823 2178 8)
849 2095 895 2174 ,,Ε
923 2095 1077 2160 Beronioo
1104 2094 1268 2160 detrusum

142 2199 263 2265 vertice
299 2198 417 2263 minem
448 2197 569 2262 Retulit
590 2198 734 2263 esuriens
764 2196 908 2263 Graecus
941 2198 973 2263 iu
1010 2206 1097 2262 astra
1127 2198 1271 2264 Gonou“.

142 2303 256 2367 Limen
287 2306 394 2366 autern
425 2305 474 2366 est
503 2299 607 2377 „coeli
636 2301 744 2382 regiol
779 2300 962 2378 „stellarum
993 2301 1125 2365 domus“
1158 2306 1193 2365 ut
1221 2298 1269 2364 ita

143 2404 259 2485 dicam,
281 2408 312 2468 et
334 2403 396 2468 hac
418 2422 489 2466 oum
511 2402 641 2465 notione
664 2401 792 2485 saepius
814 2402 984 2468 invenitur.

227 2505 360 2590 LXVII,
376 2507 416 2570 32
445 2503 663 2589 „suppositum
684 2503 833 2589 specula¹⁴
858 2505 1014 2589 praebent
1029 2505 1164 2573 codices.
1207 2505 1269 2570 Fa-

143 2609 205 2675 cile
234 2609 324 2673 loeus
353 2607 478 2673 restitui
507 2611 614 2692 potest
644 2606 811 2683 scribendo
843 2609 1031 2693 „supposita
1059 2609 1092 2673 in
1115 2609 1264 2692 specula“

143 2718 178 2776 ut
201 2708 370 2792 bonejam
387 2708 548 2776 Zanchius
573 2709 663 2776 vidit
708 2710 852 2793 Utraque
874 2718 981 2776 autem
1002 2709 1199 2795 praepositio
1213 2717 1269 2778 sao

143 2819 175 2879 et
198 2822 230 2880 io
252 2812 307 2877 bic
325 2831 416 2877 suam
439 2813 503 2876 vim
527 2811 646 2878 habero
668 2812 811 2878 videtur:
842 2813 921 2891 „sub
943 2813 1107 2880 radicibus
1130 2813 1265 2878 montis“

143 2936 197 2980 am
219 2916 322 2980 Fusse
343 2915 401 2978 des
415 2916 543 2998 Berges,
565 2913 615 2998 „in
638 2915 762 2980 monte“
777 2916 837 2980 aui
848 2915 921 2982 dem
936 2915 1130 3001 Berggipfel‚
1152 2936 1268 3007 suppof

143 3019 208 3084 sita
229 3017 263 3082 in
283 3017 417 3102 specula
438 3023 486 3081 est
507 3017 542 3083 id
564 3016 651 3100 quod
682 3037 743 3083 nos
773 3017 924 3085 dicimus:
952 3018 1014 3084 aui
1036 3017 1150 3084 halbor
1176 3017 1268 3084 the

143 3120 201 3186 des
222 3120 343 3203 Berges
363 3118 507 3203 gelegeu,
531 3139 584 3185 am
608 3118 718 3203 Berge.

228 3224 257 3287 2.
280 3221 377 3287 Notio
399 3220 514 3287 localis
536 3220 579 3285 ad
601 3240 740 3287 resnou
762 3220 909 3287 sensibus
923 3222 1151 3309 percipiendas
1166 3227 1268 3289 trans·

143 3324 249 3407 fertur,
266 3323 322 3389 sed
339 3322 531 3389 conditionis
546 3322 713 3388 cuiusdam
729 3322 922 3407 significatio
940 3325 1032 3391 inest
1061 3325 1234 3408 XXXIIII,
1250 3330 1263 3388 1

142 3424 269 3491 Dianae
291 3445 402 3490 sumus
424 3424 456 3490 in
478 3423 540 3503 fide
562 3426 583 3490 i.
599 3444 625 3492 e.
648 3424 682 3490 in
705 3424 853 3492 clientela
880 3431 912 3492 et
937 3427 1118 3511 patrocinio
1139 3427 1210 3508 LV,
1227 3429 1265 3489 14

143 3530 250 3593 'Panto
272 3533 304 3592 te
327 3528 360 3591 iu
382 3527 467 3592 fastu
490 3547 592 3610 negas
614 3527 675 3613 (sic
697 3527 783 3592 enim
806 3527 932 3593 codices
960 3527 1072 3613 optimi
1095 3528 1179 3594 bunc
1200 3546 1266 3592 ver-

143 3649 212 3695 sum
249 3627 423 3714 exhibent).
478 3629 636 3714 Exempla
668 3649 753 3712 quac
788 3629 822 3694 in
854 3629 937 3695 hune
969 3630 1074 3695 locum
1107 3630 1269 3713 quadrant

143 3731 383 3798 Drakenborch.
417 3731 460 3798 ad
494 3731 565 3798 Liv.
587 3732 619 3816 Ι,
641 3734 681 3795 52
689 3734 739 3814 ,2
770 3733 846 3798 Τ.Ι
874 3754 905 3818 p.
927 3734 988 3797 387
1020 3732 1194 3818 praecipue
1225 3731 1269 3797 ad

142 3833 350 3920 Liv.1‚56‚7
374 3833 516 3916 collegit,
545 3833 599 3898 ubi
622 3833 716 3899 dicit:
738 3833 916 3917 „Usitatius
938 3834 1008 3899 sine
1030 3834 1270 3920 praepositione

143 3935 283 4001 dicitnrt‘.
327 3935 479 4000 Fortasse
502 3934 564 3999 huc
586 3935 724 4018 pertinet
748 3934 902 4021 mco
925 3935 1035 4003 vidore
1054 3944 1086 4003 te
1100 3937 1134 4002 in
1148 3943 1227 4004 tuto.

227 4040 256 4104 3.
278 4044 316 4103 Iu
338 4060 365 4104 c.
389 4043 449 4102 obl.
472 4056 529 4122 pro
552 4034 689 4120 simplici
713 4036 858 4102 ablativo
880 4036 1181 4106 instrumentalivel
1196 4059 1269 4104 oau-

143 4140 204 4206 sali
227 4141 368 4225 positum
392 4157 464 4204 esse
486 4138 628 4205 videtur:
650 4138 753 4222 XV,8
776 4139 810 4203 in
832 4158 866 4205 re
888 4160 948 4206 sua
971 4141 1119 4226 occupati
1133 4141 1270 4226 LXIHI,

144 4245 205 4305 313
228 4262 329 4325 prono
360 4243 392 4306 in
422 4239 539 4325 pollice
568 4247 720 4323 torquens
749 4240 866 4333 xmo
897 4252 1058 4311 omentum
1080 4245 1113 4310 in
1136 4243 1269 4310 flamma
