2828 4762
254 1360 339 1470 Vin·
361 1402 445 1467 docti
468 1403 501 1465 in
524 1400 618 1466 rebus
640 1399 858 1483 grammaticis
884 1400 1076 1483 tractandis,
1104 1399 1290 1468 historicam

167 1508 324 1571 rationem
348 1509 380 1570 et
402 1505 489 1569 riam
511 1504 582 1568 iure
604 1502 748 1585 ingressi,
770 1522 859 1567 usum
883 1502 1021 1585 dicendi,
1041 1510 1074 1568 et
1096 1504 1291 1570 mutationes

168 1614 201 1671 et
222 1606 436 1691 proprietates
457 1606 587 1689 linguae
609 1605 732 1670 latinae
755 1605 853 1670 variis
880 1605 1075 1689 reipublicae
1097 1606 1293 1691 temporibus

169 1710 257 1794 apud
285 1709 393 1775 varios
420 1709 590 1791 scriptores
620 1707 786 1791 colligere,
815 1706 931 1773 deinde
968 1708 1102 1799 collecta
1129 1727 1194 1791 qua
1223 1709 1293 1792 lege

166 1812 392 1878 contineantur
413 1812 599 1893 enucleare,
627 1816 696 1874 tum
726 1810 833 1894 ipsam
862 1811 965 1893 legem
987 1809 1030 1875 ad
1052 1830 1183 1876 causam
1206 1830 1294 1876 reve

168 1933 241 1980 care
264 1914 402 1981 student.
445 1914 528 1978 Hine
551 1914 705 1997 originem
725 1912 844 1978 ducunt
859 1912 933 1976 libri
949 1912 1068 1977 Holtnii
1083 1920 1115 1979 ct
1128 1914 1295 1998 Draegeri,

168 2019 225 2097 qui
246 2036 318 2082 cum
342 2023 374 2080 et
388 2021 490 2080 totum
506 2015 657 2098 amplecti
671 2021 705 2079 et
720 2015 847 2096 singula
863 2022 1012 2080 accurate
1028 2015 1142 2098 legere,
1164 2016 1295 2097 discere,

171 2118 266 2201 scire,
295 2125 434 2183 tractare
462 2137 544 2181 unus
573 2116 667 2181 homo
696 2123 851 2198 nequeat,
880 2115 975 2182 finem
1004 2118 1201 2201 propositum
1231 2140 1295 2184 non

170 2220 256 2285 omni
277 2239 319 2285 ex
342 2227 433 2304 parte
455 2218 638 2302 attigerunt.
682 2217 786 2296 Quam
809 2217 850 2283 nb
878 2237 1010 2283 causam
1032 2221 1295 2286 commentariola

169 2324 239 2406 illa,
260 2342 345 2406 quae
366 2341 459 2386 usum
482 2321 609 2387 dicendi
631 2321 726 2385 unius
746 2321 911 2405 scriptoris
926 2322 1124 2406 examinant,
1146 2343 1204 2388 suo
1219 2328 1296 2389 tem-

171 2445 248 2510 pore
270 2426 303 2490 iu
318 2425 421 2491 lucem
437 2424 602 2508 prodeunt.
646 2422 730 2501 Quot
745 2425 915 2508 scriptores
933 2429 979 2489 tot
994 2423 1154 2490 scribendi
1169 2444 1297 2509 genera.

159 2527 318 2610 teucros,
341 2547 406 2611 qua
429 2528 566 2609 quisque
589 2522 753 2611 praeditus
775 2532 841 2611 est,
866 2526 1017 2593 materies
1047 2546 1143 2610 quam
1171 2534 1298 2613 tractat,

171 2629 329 2712 imprimis
352 2635 458 2709 aetas,
482 2646 547 2710 qua
567 2628 649 2693 vivit
670 2628 821 2711 scriptor,
843 2647 953 2693 omnes
976 2631 1018 2693 ad
1040 2629 1243 2695 formandum
1265 2638 1298 2697 et

125 2726 127 2729 ’
172 2730 355 2814 tingendum
379 2729 542 2814 proprium
559 2730 715 2795 orationis
730 2749 832 2812 genus
847 2731 1039 2814 permultum
1059 2731 1175 2798 valent
1219 2732 1299 2812 Quis

173 2839 281 2899 autem
304 2832 441 2918 dubitet,
470 2831 547 2916 quin
575 2832 618 2897 ad
641 2831 801 2899 scribendi
824 2851 925 2916 genus
948 2834 1210 2901 conformandum
1232 2836 1300 2921 plu·

173 2936 288 3003 rimum
311 2935 441 3002 valeant
462 2953 567 3020 voces,
589 2953 674 3018 quae
696 2935 872 3000 inserviunt
888 2935 1102 3018 conjunctioni
1117 2957 1188 3003 cum
1204 2957 1300 3004 enun-

172 3038 343 3103 tiationum
358 3043 426 3102 tum
444 3036 641 3120 singulorum
656 3037 835 3103 verborum.
876 3038 1003 3104 Genere
1018 3045 1126 3105 autem
1141 3040 1300 3106 scribendi

174 3142 268 3207 unius
290 3141 444 3223 cuiusque
466 3139 630 3225 scriptoris
652 3139 894 3206 accuratissime
916 3141 1112 3226 examinato,
1133 3143 1232 3208 multo
1255 3143 1301 3208 fa-

174 3243 268 3307 cilius
287 3242 350 3308 erit
379 3241 420 3308 de
446 3247 516 3306 tcta
547 3243 678 3327 linguae
707 3241 829 3308 latinae
856 3243 1068 3326 grammatica
1095 3245 1300 3327 quaestiones

175 3343 350 3410 instituere.

260 3448 432 3513 Praetereo
455 3465 531 3512 vcro
550 3445 809 3512 emendationem
824 3447 1014 3531 scriptorum
1030 3447 1188 3532 ejusmodi
1204 3467 1300 3531 quae

175 3549 279 3615 stione
292 3547 499 3615 vehementer
521 3547 681 3632 adjuvari,
705 3548 777 3631 quis
798 3554 848 3614 est
864 3549 920 3632 qni
933 3568 1054 3634 negare
1069 3550 1173 3617 velit?
1215 3552 1300 3618 Nam

174 3651 210 3716 in
232 3656 357 3716 tantum
380 3651 436 3717 ria
451 3670 491 3718 ac
505 3651 630 3716 ratione
645 3651 766 3717 mederi
781 3670 952 3735 possumus
967 3653 1107 3719 traditae
1124 3653 1302 3739 scripturae

175 3754 380 3838 corruptelis,
401 3754 430 3819 si
451 3759 603 3820 accurate
624 3754 786 3838 cognitum
808 3753 981 3837 habemus,
1003 3755 1080 3837 quid
1102 3772 1175 3821 eum
1197 3756 1301 3822 elocu-

177 3855 265 3920 tione
286 3861 384 3939 atpne
406 3876 467 3922 usu
488 3856 653 3941 scriptoris
675 3857 869 3940 consentiat,
896 3857 975 3940 quid
997 3857 1038 3923 ab
1062 3877 1100 3924 eo
1123 3857 1303 3926 abhorreat.

178 3955 319 4021 Necesse
341 3963 389 4022 est
410 3958 525 4042 igitur,
554 3959 769 4025 monumentis
795 3976 880 4042 quae
910 3959 1046 4044 scriptor
1072 3960 1201 4043 reliquit
1231 3981 1301 4027 eum

176 4055 340 4122 industria
360 4063 604 4146 pervestigatio,
627 4081 719 4127 nsum
742 4061 813 4145 ejus
835 4060 963 4129 dicendi
985 4081 1081 4145 quam
1106 4062 1309 4128 accuratissi.

176 4179 231 4227 me
250 4178 421 4245 exponere.
464 4160 555 4240 Quod
578 4164 606 4229 si
628 4181 755 4249 semper
775 4163 975 4230 anteoculos
990 4163 1179 4230 habuissent
1193 4164 1304 4249 critici,

178 4282 243 4329 non
266 4268 334 4329 tam
357 4280 480 4348 pravae
502 4271 533 4332 et
553 4266 664 4333 futiles
683 4265 887 4348 conjecturae
913 4266 1005 4332 nobis
1026 4273 1243 4353 occurrerent,
1272 4274 1304 4335 et

1065 4385 1099 4440 l*
