2828 4762
142 230 183 292 26

231 404 277 467 19.
300 401 498 487 Saepissime
520 403 657 488 simplex
684 402 847 470 ablativus
876 404 1106 488 significatione
1127 407 1270 475 ablativi

142 522 213 569 eum
235 524 345 588 praep.
360 527 400 572 ex
421 506 580 572 eoniunoti
601 506 737 591 ponitur,
758 526 831 572 euru
854 508 943 592 apud
965 509 1064 575 verba
1087 511 1272 595 eompesita

142 613 208 670 turn
239 607 328 692 apud
358 606 528 694 simplicia.
578 610 628 674 Ex
656 629 765 675 eorum
793 630 926 677 numero
956 611 1105 679 afferam:
1135 613 1270 698 expello

141 709 244 795 exeio,
266 730 402 796 saepae,
424 731 589 796 expromo,
611 712 722 795 efflue,
743 712 871 797 exeido,
892 714 1045 798 exprime,
1066 714 1170 799 ejicio,
1192 737 1269 799 pre-

141 813 234 895 ferro,
255 813 423 899 profundo,
438 851 479 861 -
495 814 629 881 dimitte.
657 816 788 899 LXVII,
803 819 843 880 26
862 816 981 896 „sterili
998 817 1120 883 semine
1136 824 1270 888 namet.

142 917 191 981 De
221 915 295 982 aliis
323 917 388 981 iarn
419 939 517 1002 supra
546 924 595 998 est
624 918 744 984 dietum
774 919 818 983 ad
850 939 960 1003 praep.
982 924 1021 986 611
1043 921 1099 986 Nr.
1120 923 1147 986 3.
1192 921 1270 987 Huo

142 1021 279 1103 pertinet
301 1021 475 1106 XXXVII,
500 1025 534 1084 11
564 1041 666 1105 ,qnae
695 1040 765 1087 meo
792 1021 864 1086 sinu
887 1023 987 1105 fugit“
1012 1022 1066 1089 nbi
1089 1045 1128 1090 ea
1151 1024 1202 1090 161
1223 1033 1269 1091 de

143 1124 291 1207 supplere
305 1122 389 1189 lieet.
419 1123 467 1191 ef.
482 1126 634 1207 Draeger:
651 1125 712 1191 S.I
735 1127 755 1207 ξ
772 1127 842 1190 219.
876 1124 1033 1209 Κ111111661,
1048 1128 1083 1194 L.
1099 1127 1129 1192 S.
1145 1147 1173 1211 p.
1193 1130 1268 1194 165.

227 1228 278 1291 20.
298 1226 372 1311 'Vim
395 1227 597 1292 transitivum
621 1227 761 1313 aeoepit:
783 1250 947 1310 exspuere.

227 1328 320 1396 IIII.
349 1330 458 1396 Prae:
492 1335 516 1395 1.
543 1337 624 1396 Prae
652 1330 827 1397 looativam
864 1330 959 1396 habet
996 1331 1266 1415 significationem

142 1433 277 1515 LXIIII,
294 1435 332 1495 31
357 1433 451 1498 Dona
474 1433 581 1498 ferunt
602 1453 680 1517 prae
702 1453 736 1499 66
758 1433 778 1500 i.
790 1453 817 1500 6.
838 1453 910 1499 6661
934 1434 1149 1502 ostentatione
1171 1435 1265 1502 16116.

144 1536 239 1618 [Male
255 1535 448 1617 Deeringius
465 1558 548 1617 pree
568 1559 603 1602 se
622 1535 787 1619 oonjungit
802 1556 873 1602 eum
889 1536 1080 1619 posteriore:
1102 1544 1268 1605 declarant

141 1645 256 1720 perodio
278 1647 361 1704 vultu
378 1661 461 1719 pree
482 1661 517 1705 re
538 1639 558 1706 i.
573 1658 598 1704 6.
621 1639 768 1723 pandunt
788 1639 928 1723 gaudia]

229 1744 255 1805 ⁶2.
278 1740 475 1825 significatio
505 1741 567 1807 loei
595 1741 753 1808 translata
780 1741 906 1808 videtur
931 1742 975 1806 ad
998 1741 1264 1826 significationem

142 1845 370 1928 praestantiae.
430 1844 559 1924 ,Altera
587 1864 691 1910 rerum
720 1845 803 1911 inter
832 1865 867 1910 se
895 1851 1155 1929 eomparatarum
1184 1851 1265 1912 ante

142 1947 277 2012 alteram
308 1946 464 2013 eolleeata
493 1945 655 2032 fingitur“:
685 1949 825 2030 LXXII,
852 1967 931 2031 prae
961 1968 1013 2014 me
1043 1949 1127 2013 velle
1154 1953 1264 2014 tenere

141 2047 264 2115 lovem.

230 2156 258 2218 3.
280 2153 361 2217 Cum
383 2152 570 2218 accusative
592 2153 807 2236 eonjungitur:
828 2165 1027 2234 praeuertere
1041 2154 1176 2233 LXIIII,
1192 2154 1264 2218 341.

143 2256 192 2320 De
221 2255 313 2321 varia
339 2255 467 2321 notione
498 2255 588 2321 verbi
620 2261 858 2340 „praevortere
888 2256 922 2320 in
952 2256 1059 2321 Plauti
1090 2254 1264 2321 eomeediis

143 2357 217 2424 vide
238 2360 370 2441 Langen
394 2359 544 2441 Beitrage
566 2379 596 2443 p.
613 2361 661 2424 78.

227 2462 267 2529 V.
291 2461 384 2528 Prot
403 2467 428 2526 1.
450 2462 650 2546 Praepositio
660 2461 777 2543 prode
791 2462 860 2526 1666
876 2460 962 2527 dieta
976 2481 1040 2525 nen
1055 2465 1171 2526 exstat.
1214 2461 1265 2526 Ex

142 2564 282 2630 looativa
303 2566 433 2630 notione
454 2564 681 2649 explioandum
712 2570 775 2647 est,
805 2563 891 2648 quod
917 2588 979 2645 pro
1008 2564 1050 2630 (16
1079 2561 1265 2629 defensione

142 2666 279 2731 alieuius
307 2668 423 2732 dieitur
450 2668 536 2734 unde
564 2668 713 2735 derivata
745 2673 795 2733 est
824 2666 1016 2751 significatio
1046 2664 1203 2732 commodi
1232 2671 1264 2730 et

85 2762 88 2769 “
143 2768 302 2834 utilitatis
344 2770 458 2854 LXVI,
480 2774 521 2834 34
543 2791 601 2855 pro
624 2769 709 2836 dulei
730 2769 865 2854 conjuge
887 2769 1032 2855 pollieita
1055 2788 1098 2834 es.

228 2874 257 2937 ⁶2.
282 2871 362 2950 „Pro
389 2872 501 2955 aliqua
523 2879 576 2939 re“
601 2873 621 2941 i.
635 2892 662 2941 a
694 2874 782 2953 „loeo
804 2873 943 2939 alieuius
964 2871 1046 2939 rei“:
1067 2871 1205 2955 LXIIII,
1223 2871 1261 2934 81

144 2993 234 3037 suum
258 2993 315 3056 pro
337 2973 422 3039 neris
444 2995 560 3059 eorpus
583 2975 717 3040 Athenis
747 2975 911 3059 projieero.
956 2973 1147 3040 Henetiam
1170 2973 1265 3058 porti-

143 3080 233 3140 neret
254 3076 281 3140 si
305 3096 376 3141 eum
392 3076 593 3160 Westphalio
608 3083 640 3142 et
655 3076 852 3144 Baehrensio
866 3078 1043 3162 legeremus
1058 3075 1091 3140 in
1107 3095 1132 3141 a
1146 3077 1230 3161 LVI,
1244 3078 1261 3137 7

141 3201 200 3260 pro
224 3186 291 3246 telo.
336 3179 485 3246 Editores
506 3179 621 3262 reliqui
644 3179 762 3246 habent
778 3187 901 3261 protelo
924 3179 1010 3263 quod
1033 3177 1110 3243 mihi
1137 3195 1264 3261 quoque

144 3281 387 3366 praeferendum
410 3282 544 3349 videtur.
565 3321 607 3331 -
629 3283 750 3349 Eodem
773 3283 885 3348 mode:

230 3389 258 3451 3.
281 3408 344 3468 pro
373 3385 428 3452 (16.
445 3388 702 3453 remuneratione
732 3392 764 3453 et
792 3385 893 3472 pretio
925 3384 1052 3450 dieitur:
1073 3385 1199 3464 XXXI,
1223 3382 1257 3444 11

143 3486 229 3570 quod
253 3509 350 3554 unum
373 3495 422 3556 est
443 3511 501 3575 pro
524 3488 819 3556 laboribua'tantis.
863 3489 1004 3568 LXIIII,
1029 3489 1087 3552 152
1115 3506 1173 3570 pro
1200 3502 1264 3567 qua

144 3590 353 3658 dilaceranda
382 3592 459 3659 feris
489 3591 600 3659 dabor.
632 3600 660 3659 1.
684 3595 742 3656 157
773 3611 800 3657 6.
822 3611 863 3657 a:
892 3591 972 3656 talia
999 3591 1054 3673 qui
1075 3589 1185 3656 reddis
1205 3605 1263 3671 pro

143 3693 229 3760 dulei
245 3695 391 3780 praemia
406 3695 474 3761 vita
489 3695 561 3781 (pro
575 3713 652 3760 oara
666 3698 726 3760 tua
740 3693 798 3760 tibi
813 3698 942 3760 servata
962 3690 1052 3778 vita).
1096 3686 1265 3773 LXVIIIb,

148 3800 206 3860 110
236 3818 294 3881 pre
320 3798 430 3863 multis
457 3797 601 3864 redditur
629 3795 742 3860 offioiis
772 3816 887 3861 munus
908 3795 1057 3877 LXXVI,
1079 3797 1120 3858 26
1143 3790 1266 3862 reddite

143 3899 186 3963 mi
215 3900 275 3965 hoo
303 3921 361 3985 pre
391 3900 513 3984 pietate
542 3918 615 3964 mea
637 3928 678 3951 =
701 3898 751 3962 als
780 3897 968 3982 Belohnung
996 3897 1194 3965 11111611.
1224 3933 1267 3944 —

144 4002 256 4084 LXVI,
280 4006 318 4066 37
346 4000 443 4082 ,Quis
465 4020 524 4085 ego
548 4020 605 4085 pro
629 3999 726 4065 laetis
749 4000 880 4067 oaelesti
902 3999 1028 4068 reddita
1050 4002 1173 4067 eoetu‘¹.

230 4109 258 4169 4.
296 4112 357 4170 Pro
396 4102 481 4170 idem
520 4101 678 4188 signifieat
715 4102 801 4188 quod
833 4108 1009 4171 seeundum:
1047 4102 1207 4187 XXXVI,
1233 4103 1266 4166 2:

145 4206 260 4271 Votum
291 4205 406 4271 solvito
435 4226 493 4291 pro
523 4225 596 4272 mea
625 4208 735 4292 puella
756 4207 776 4273 i.
793 4226 820 4274 6.
836 4230 898 4290 pro
929 4208 980 4274 161
1009 4229 1050 4275 ea
1076 4213 1149 4273 voto
1171 4223 1267 4272 meae
