2828 4762
150 309 190 369 52

148 496 223 541 num
254 477 334 541 hese
359 476 555 560 praepositio
584 497 605 541 a
626 477 773 541 Lucretio
802 484 837 540 ut
864 497 884 541 a
908 476 1034 541 Catullo
1055 477 1097 542 de
1119 497 1154 542 re
1176 496 1271 561 prae-

149 578 246 644 stanti
270 577 356 642 dieta
378 577 418 641 sit
441 584 476 643 ut
499 578 642 643 Holtzius
664 578 814 663 opinatus
836 584 885 643 θεῖ
906 580 999 646 Luer.
1020 580 1150 663 11,920.

234 681 345 746 Ante:
368 680 565 764 Saepissime
588 686 637 745 est
660 681 848 746 adverbium
872 685 979 761 ‚,ante“
1002 690 1033 746 θῖ
1051 681 1137 766 apud
1152 682 1288 747 Lucre·

149 787 228 850 tium
252 790 284 850 et
306 784 393 868 apud
410 783 579 849 Catullum.
624 784 672 849 De
695 784 764 848 loeo
788 785 874 869 apud
891 783 1053 849 Catullum
1075 786 1176 850 semel
1196 804 1271 850 eum

148 888 276 952 notione
299 886 430 969 quietis:
454 886 662 970 antepedes,
688 887 819 972 saepius
842 887 930 971 apud
953 887 1134 952 Lucretium
1154 893 1271 970 exstat,

148 989 304 1074 imprimis
326 989 358 1053 in
381 988 533 1053 formula:
557 996 649 1069 „ante
665 989 799 1079 oeulos.“
844 990 963 1071 ‚‚Ante“
986 990 1171 1055 aLueretio
1187 1009 1271 1055 sem-

148 1113 205 1178 per
232 1092 296 1156 ista
326 1097 497 1176 usurpatur
524 1098 559 1155 ut
585 1111 723 1176 persona
752 1092 860 1156 oeulos
887 1084 991 1157 vertat
1017 1092 1162 1174 adrem,
1192 1098 1271 1157 ante

148 1215 246 1279 quam
268 1200 334 1258 stat
356 1194 379 1273 Ι,
394 1195 451 1270 90;
485 1201 560 1259 ante
583 1214 675 1277 aras,
705 1214 780 1260 nam
803 1201 895 1274 „ante
918 1199 1010 1259 aras“
1033 1214 1127 1261 saera
1149 1195 1272 1260 facien·

148 1304 197 1364 tes
219 1297 380 1378 dicuntur,
404 1317 479 1380 „pro
502 1297 585 1361 aris“
608 1302 733 1379 antem,
762 1296 816 1379 qui
839 1297 913 1377 illas
936 1297 1117 1364 defendunt
1162 1298 1210 1362 De
1235 1316 1272 1362 re

56 1392 58 1396 ⁴
148 1399 326 1487 praestanti
357 1404 391 1463 ut
421 1400 454 1462 in
484 1399 603 1464 Calulli
633 1398 714 1465 libro
745 1403 853 1479 „ante“
877 1400 963 1484 apud
986 1400 1169 1465 Lucretium
1195 1420 1271 1464 nus-

147 1523 245 1586 quam
260 1502 385 1584 iegitur.
427 1501 517 1567 Idem
535 1502 621 1567 valet
636 1501 676 1567 de
693 1501 846 1567 Cicerone
862 1509 894 1567 et
910 1502 1058 1568 Caesare.
1103 1502 1210 1568 Semel
1226 1501 1270 1567 de

147 1613 289 1689 tempore
318 1603 437 1670 dietum
466 1611 514 1669 est
536 1606 586 1687 II,
614 1606 676 1667 938
707 1609 799 1687 „ante
822 1604 927 1689 ipsam
951 1605 1094 1688 genitam
1116 1611 1268 1670 naturam

148 1707 349 1789 animantis“,
373 1725 468 1789 quem
488 1727 581 1771 usum
605 1706 692 1790 apud
713 1706 875 1771 Catullum
897 1727 961 1770 non
981 1707 1164 1791 reperimus.

232 1810 331 1876 Post.
376 1807 575 1893 Praepositio
601 1813 708 1893 „post“
735 1814 770 1872 ut
799 1808 969 1873 aCatullo
997 1810 1045 1874 ita
1075 1809 1265 1875 aLueretio

146 1913 186 1979 de
202 1914 269 1978 solo
284 1919 428 1996 tempore
444 1910 572 1977 dieitur:
588 1918 662 1996 post
675 1909 763 1994 haee,
785 1917 858 1995 post
873 1912 992 1977 obitum
1008 1919 1066 1978 ete
1082 1912 1120 1980 us.
1135 1913 1207 1997 Hp.
1216 1913 1265 1976 83.

231 2015 431 2082 Adversusz
471 2014 529 2079 Bis
562 2014 648 2099 apud
683 2014 864 2080 Lucretium
906 2015 1104 2099 praepositio
1143 2022 1193 2081 est
1226 2034 1267 2080 ae

145 2119 282 2204 primum
298 2117 428 2199 quidem
444 2116 558 2182 dieitur·
573 2116 613 2182 de
629 2124 716 2182 motu
732 2137 842 2183 versus
857 2138 923 2183 rem
939 2118 1082 2200 aliquam
1099 2119 1173 2201 1111,
1188 2122 1268 2182 445:

148 2220 270 2302 „labier
291 2220 445 2286 adversus
466 2219 620 2301 nimbos“‚
642 2226 708 2284 tum
732 2220 772 2284 (le
795 2221 905 2284 animo
925 2240 987 2302 quo
1010 2221 1136 2304 agimus
1152 2220 1189 2303 V,
1203 2223 1267 2285 310

148 2323 320 2403 „adversus
342 2329 475 2388 naturae
503 2321 634 2387 foedera
663 2323 749 2386 niti.“
807 2323 1001 2388 Adverbium
1032 2323 1132 2389 semel
1160 2330 1208 2389 est
1229 2323 1268 2406 V,

147 2420 243 2492 ists:
266 2425 439 2491 adversum
462 2424 663 2492 venientibus
686 2425 846 2509 petebant.
892 2425 1052 2491 Catullum
1075 2426 1267 2509 ,‚adversus“

144 2545 203 2593 neo
235 2527 483 2612 praepositionis
515 2546 619 2609 neque
655 2526 800 2593 adverbii
842 2527 911 2594 loeo
951 2548 1125 2613 usurpasse
1165 2548 1266 2612 supra

143 2629 294 2697 diximus.
1318 2619 1320 2623 Α

229 2733 376 2801 Contra:
400 2733 596 2799 Aduerbium
627 2735 771 2818 „eontra“
800 2734 914 2799 iisdem
938 2753 1008 2798 eum
1030 2734 1214 2799 notionibus
1244 2754 1265 2799 a

144 2837 290 2902 Lucretio
314 2836 482 2901 adhibetur·
505 2836 621 2919 quibus
644 2858 664 2901 a
688 2837 815 2903 Catullo
837 2858 895 2922 pro
918 2856 1008 2902 voee:
1036 2836 1212 2919 ‚,uieissim“
1234 2845 1266 2903 et

142 2961 215 3024 pro:
236 2939 306 3024 „at“
328 2939 380 3004 vel
396 2939 539 3021 „autem“
555 2939 713 3005 interdum
729 2940 898 3005 Lueretius
912 2941 1043 3023 insuper
1058 2939 1151 3004 addit
1166 2939 1266 3005 aliam

142 3041 333 3126 partieulam
349 3041 602 3107 adversativam:
618 3048 747 3125 „eontra
759 3043 893 3125 autem“‚
908 3048 961 3126 „at
976 3044 1105 3108 eontra“
1119 3042 1266 3127 (saepius

142 3145 198 3226 ita,
220 3145 258 3211 ei.
280 3145 310 3209 H
333 3166 363 3230 p.
379 3145 442 3230 74).
489 3145 688 3229 Praepositio
719 3151 830 3210 eontra
861 3165 923 3209 non
947 3145 1049 3210 solum
1079 3144 1194 3210 dieitur
1223 3147 1265 3212 de

142 3248 264 3331 impetu
286 3246 392 3312 hostili
416 3253 450 3312 ut
480 3246 567 3331 apud
591 3247 767 3329 Catullum,
797 3246 854 3312 sed
884 3248 982 3313 etiam
1004 3248 1045 3313 de
1073 3248 1159 3313 loeo:
1189 3248 1264 3328 ΙΠΙ,

145 3353 204 3413 156
220 3357 329 3415 eontra
346 3350 509 3433 speculum
531 3369 649 3433 ponere
661 3348 880 3435 (gegenttber).
910 3350 1088 3434 Utramque
1103 3351 1263 3416 notionem

141 3451 208 3516 ism
232 3470 252 3514 a
275 3453 389 3535 prisois
411 3452 619 3535 scriptoribus
641 3452 820 3517 adhibitam
843 3472 915 3518 esse
938 3452 1084 3519 uidemus
1106 3473 1146 3519 ex
1168 3453 1264 3518 Ennii

141 3554 313 3619 annall.VI
329 3555 395 3619 fr·.3
408 3557 503 3620 v.181
522 3563 651 3638 „eontra
663 3556 843 3622 eminentes
855 3555 955 3621 verbe
972 3555 1131 3621 obseoena
1142 3555 1266 3621 faeere“

141 3663 173 3722 θῖ
195 3676 235 3722 ex
258 3655 389 3722 Catonis
411 3656 464 3722 lib.
488 3659 572 3724 itit.
595 3677 620 3724 e.
639 3658 676 3721 18
699 3659 761 3740 „uti
787 3664 896 3723 eontra
918 3678 975 3723 ora
996 3657 1096 3723 sient“
1111 3657 1262 3742 (fortasse

140 3758 199 3824 hoe
221 3760 290 3823 loeo
315 3760 516 3825 scribendum
540 3767 604 3825 est:
627 3762 797 3826 contraria.
843 3761 890 3828 cf.
913 3760 1027 3827 Holtze
1049 3781 1074 3826 s.
1086 3781 1115 3845 p.
1128 3781 1152 3827 ε.
1163 3760 1204 3845 1.).

226 3861 386 3928 Circum:
411 3862 495 3944 quod
519 3863 708 3928 vocabulum
732 3866 830 3930 semel
853 3864 940 3949 apud
962 3863 1123 3930 Catullum
1145 3864 1263 3946 legitur

141 3968 173 4028 et
194 3964 441 4047 praepositionis
463 3963 591 4046 quidem
614 3965 696 4047 loeo,
726 3972 757 4030 et
787 3965 974 4032 adverbium
1005 3973 1036 4031 et
1066 3964 1262 4050 praepositio

140 4071 190 4130 θεῖ
212 4065 298 4150 apud
323 4065 514 4131 Lucretium.
558 4066 716 4151 Exempla
739 4067 813 4133 vide
841 4068 928 4151 apud
950 4069 980 4132 H
1003 4089 1033 4152 p.
1050 4072 1099 4133 73.
1142 4067 1260 4132 Forma

142 4166 200 4230 illa
223 4169 326 4232 altera
348 4169 466 4250 „eiroa“
489 4169 585 4234 etiem
608 4169 641 4233 in
665 4169 805 4235 Lucretii
828 4169 917 4234 libris
939 4190 1002 4235 non
1026 4170 1193 4236 invenitur.

224 4269 336 4337 'inens
365 4271 454 4354 apud·
481 4271 679 4355 Monetium,
714 4271 796 4336 sieut
827 4272 913 4358 apud
944 4272 1121 4356 Catullum,
1153 4275 1255 4338 semel
