2828 4762
143 230 184 306 '28

142 418 233 496 pater
256 413 365 478 divum
388 421 502 479 sancta
524 436 596 480 cum
619 416 753 500 conjuge
775 419 924 500 natisque
945 417 1058 500 LXVI,
1074 422 1112 481 77
1129 418 1270 496 Quicum

143 535 202 597 ego
225 552 268 562 -
290 515 365 582 bibi.
385 578 390 589 ,
409 518 562 602 LXXIX,
585 521 604 581 2
633 524 664 584 te
687 539 758 585 cum
780 525 848 584 tota
869 526 965 602 gente
986 524 1042 586 tua
1065 519 1164 587 malit.
1185 540 1215 587 v.
1239 524 1270 587 3.

143 618 263 683 vendat
284 638 354 684 cum
377 627 473 704 gente
497 621 669 687 Catullum.
715 622 824 706 OVI,i
853 642 923 688 cum
947 642 1045 707 puero
1067 623 1151 689 bello
1175 643 1271 708 prae-

143 741 254 786 conem
277 722 330 804 qui
355 722 444 789 videt
466 743 537 790 esse
560 724 658 804 CXII,
685 730 698 788 1
723 744 780 791 nec
802 732 905 792 tecum
929 726 1046 791 multus
1067 725 1161 791 homo
1184 731 1245 794 est.

228 844 257 909 2.
279 843 392 927 Praep.
416 866 483 910 com
505 866 562 929 pro
585 853 671 926 opud
697 845 748 911 vel
778 852 864 912 cr'rco
893 845 999 930 posita
1030 865 1102 911 esse
1123 845 1271 912 videtur:

142 944 326 1031 XXXVIII,
349 951 367 1009 4
394 946 533 1029 „satisne
561 967 631 1013 oum
663 947 724 1013 isto
748 947 865 1033 Vappa
885 947 1070 1031 frigoraque
1092 954 1123 1013 et
1144 949 1270 1014 famem

142 1046 260 1112 tulistis
268 1047 303 1112 ‘?“
347 1049 445 1114 Porro
470 1050 530 1116 huc
552 1049 663 1116 reterri
686 1056 838 1135 possunt:
861 1050 973 1131 (tvqr
999 1056 1031 1116 et
1054 1049 1157 1134 CXII,
1175 1054 1202 1117 i.

211 1162 258 1235 ’3.
280 1169 331 1234 Ad
354 1193 436 1254 com,
464 1172 491 1236 ei
515 1171 770 1255 conjunctionem
800 1191 904 1236 rerum
935 1171 1106 1255 significat,
1136 1170 1271 1238 additur

143 1271 318 1337 interdum:
340 1295 402 1338 ooo
424 1273 476 1339 vel
498 1281 605 1340 simol:
626 1274 728 1357 LXII,
743 1277 783 1338 65
807 1275 863 1357 qui
877 1293 994 1358 genero
1009 1293 1070 1338 sua
1083 1274 1157 1358 jura
1171 1273 1270 1338 simul

144 1393 213 1437 oum
243 1374 318 1439 dote
346 1375 511 1445 dederunt.
553 1376 710 1460 LXVIII,
738 1379 777 1441 23
801 1383 834 1442 et
856 1379 914 1442 24:
951 1379 1072 1442 Tecum
1102 1397 1166 1442 una
1196 1381 1269 1442 tota

145 1483 195 1540 est
226 1482 335 1543 nostra
366 1479 492 1564 sepulta
523 1467 636 1545 domus
665 1521 707 1531 -
736 1487 840 1545 tecum
870 1499 934 1545 una
963 1479 1134 1565 perierunt.
1175 1477 1270 1544 Idem

143 1577 259 1644 iisdem
283 1580 388 1645 verbis
411 1602 596 1665 expressum
624 1582 761 1666 legimus
783 1582 815 1647 in
840 1603 865 1648 c.
879 1579 1048 1665 LXVIIIb,
1064 1585 1104 1646 54
1127 1587 1158 1647 et
1181 1585 1220 1644 55
1232 1579 1268 1666 ¹).

228 1703 256 1764 4.
284 1701 333 1765 De
362 1720 571 1785 personarum
601 1701 823 1786 conjunctione
853 1725 920 1769 cum
951 1703 997 1766 ita
1029 1706 1202 1787 usurpatur
1232 1707 1267 1766 ut

144 1801 299 1883 significet
321 1826 384 1869 ooo
408 1828 474 1871 com
496 1812 555 1886 hir,
579 1806 630 1871 vel
647 1812 771 1886 pariter
793 1805 844 1871 vei
866 1813 966 1882 tatem
988 1825 1045 1889 pro
1069 1802 1149 1887 conj.
1172 1823 1267 1888 copu-

143 1903 244 1968 lativa
266 1916 295 1971 et
317 1906 456 1990 positum
472 1927 549 1993 ,esse
571 1908 892 1993 videtu1·:xxlll,5
914 1906 972 1972 Est
994 1905 1103 1992 pulcre
1121 1904 1179 1970 tibi
1194 1924 1267 1970 eum

143 2011 198 2071 tuo
220 2014 364 2090 parente.
384 2058 386 2063 .
408 2009 511 2094 CIIII,
527 2015 555 2074 4.

232 2132 259 2194 5.
286 2134 356 2193 Com
378 2130 569 2194 construitur
591 2151 662 2194 cum
684 2130 800 2212 verbis,
821 2149 905 2212 quae
927 2149 998 2194 cum
1021 2128 1082 2192 hac
1103 2127 1269 2213 praeposi·

143 2228 230 2295 tione
260 2232 438 2314 composita
465 2238 555 2298 sunt:
584 2234 709 2315 XLIII,
732 2237 749 2296 'i
774 2235 894 2299 Tecum
916 2232 1034 2298 Lesbia
1062 2235 1268 2314 comparatur

143 2332 285 2415 LXIIII,
303 2335 363 2396 329
395 2341 498 2399 tecum
523 2334 715 2419 conjungere
737 2355 866 2399 somnos
888 2335 1015 2417 xc1,7
1039 2339 1144 2399 tecum
1167 2333 1267 2398 multo

143 2435 353 2520 conjungerer
375 2457 444 2501 usu.

229 2560 257 2621 6.
294 2563 364 2623 Cam
392 2558 545 2643 exprimit
573 2558 734 2623 actionem
763 2558 877 2644 talem,
906 2564 941 2623 ut
971 2558 1074 2622 altera
1103 2554 1267 2639 quaedam

143 2677 194 2723 res
216 2659 268 2724 vel
291 2680 429 2744 persona
452 2681 473 2725 a
494 2660 638 2743 subjecto
660 2661 694 2725 in
724 2662 911 2726 societatem
934 2659 1070 2726 actionis
1092 2657 1266 2742 recipiatur

144 2761 245 2826 etita
274 2763 366 2844 quasi
396 2763 438 2827 ab
468 2783 505 2828 eo
536 2761 694 2828 afficiatur
717 2768 749 2828 et
778 2768 931 2845 tangatur
953 2760 1165 2846 (Hoitzius²)).
1208 2762 1261 2842 I,i

143 2864 270 2945 quicum
300 2864 410 2928 ludere
439 2866 497 2946 Ι,9
527 2870 632 2929 tecum
660 2864 770 2931 ludere
798 2866 834 2946 L,
851 2868 889 2929 13
921 2870 955 2928 ut
985 2870 1089 2931 tecum
1120 2863 1267 2947 loquerer

144 2965 303 3049 simulque
318 2971 352 3030 ut
366 2985 471 3031 essem
486 2967 614 3048 LXVII,
626 2970 666 3030 42
682 2968 865 3050 loquentem
881 2986 951 3032 cunr
967 2966 1102 3032 ancillis.
1135 2966 1268 3050 LXVII,

144 3072 185 3132 36
208 3089 279 3134 cum
304 3068 418 3150 quibus
440 3068 497 3133 illa
520 3068 640 3134 malum
662 3069 739 3135 fecit
753 3069 948 3135 adulterium
971 3070 1086 3152 LXIX,
1103 3071 1122 3133 8
1138 3068 1267 3153 quicum

144 3171 230 3235 bella
264 3171 372 3251 puelia
405 3171 498 3236 cubet
530 3171 755 3256 LXXV111,4
787 3191 859 3237 cum
892 3191 992 3257 puero
1030 3172 1140 3256 puelia
1172 3171 1267 3238 cubet

143 3274 382 3355 LXXXVIII,i
409 3293 480 3338 oum
510 3281 614 3340 matre
642 3275 753 3360 prurit.
795 3274 897 3358 LXII,
914 3277 954 3338 59
985 3295 1025 3340 ne
1054 3294 1164 3359 pugna
1194 3293 1265 3340 oum

143 3375 202 3440 tali
220 3374 363 3458 conjuge.
397 3376 461 3442 Sed
477 3377 542 3442 iam
553 3379 654 3462 LXII,
664 3382 705 3442 64
719 3378 869 3462 legimus:
892 3377 957 3443 noli
973 3396 1117 3463 pugnare
1134 3375 1262 3441 duobus.

144 3479 193 3544 De
208 3479 496 3564 ve1·bo„pugnare“
511 3479 557 3566 (et
568 3479 740 3566 similibus)
756 3501 826 3546 cum
842 3481 1080 3566 praepositione
1094 3477 1199 3563 „cum“
1214 3474 1265 3542 vei

144 3601 214 3646 cum
239 3581 349 3646 dativo
381 3583 589 3667 compositum
620 3582 766 3667 disputat
788 3584 898 3650 Haase
912 3584 944 3648 II
967 3604 997 3667 p.
1015 3585 1082 3647 146.
1127 3580 1267 3647 Verbum

143 3684 307 3768 pugnandi
331 3705 402 3750 cum
419 3706 497 3751 casu
519 3685 612 3752 tertio
628 3691 843 3752 constructum
865 3705 937 3753 esee
952 3706 1045 3770 porro
1062 3683 1268 3769 agnoscimus

143 3805 183 3851 ex
205 3806 232 3853 c.
245 3789 345 3872 LXII,
360 3792 417 3854 60:
438 3789 511 3854 Non
535 3807 673 3871 aequum
695 3794 751 3874 eet*
766 3808 920 3872 pugnare,
941 3794 1036 3873 pater
1057 3788 1108 3855 cui
1131 3785 1268 3853 tradidit
1325 3832 1328 3836 -

143 3944 345 3953 ---——-..--—

234 4062 254 4125 1)
271 4059 315 4112 De
333 4053 539 4127 significatione
556 4058 757 4114 vocabulorum
775 4073 846 4122 „unu
856 4089 890 4102 -
902 4069 979 4116 cum¹⁴
996 4061 1031 4117 cf.
1043 4063 1156 4131 Langen
1168 4077 1195 4129 p.
1208 4060 1267 4112 243.

228 4145 251 4208 ²)
274 4144 317 4198 De
342 4143 393 4197 hoc
417 4158 471 4197 usu
494 4143 710 4213 praepositionis
728 4148 824 4213 „eum‘
841 4147 916 4215 apud
934 4148 1063 4204 Plautum
1080 4144 1116 4202 oi.
1134 4148 1266 4213 Langen:

142 4227 275 4297 Bertrtgo
293 4244 321 4296 p.
334 4231 392 4282 Ἅι.
