2828 4762
1226 353 1266 415 aa

143 517 356 600 liquefaciens
378 519 513 598 XCVII,
535 522 553 583 7
577 519 724 585 defessus
745 521 778 584 in
803 523 894 584 aestu
918 499 1017 585 dureh
1038 520 1267 586 Liebesbrunst

143 619 314 685 ersehlafft.
358 620 510 706 (Oodiees
532 622 561 687 G
585 626 617 686 et
639 619 665 686 Ο
688 621 853 687 exhibent:
876 621 909 686 in
932 621 1057 708 estum.)

230 727 258 789 4.
280 723 387 807 XXII,
404 728 459 789 17:
485 730 570 805 ,tam
591 723 711 808 gaudet
733 724 767 789 in
782 729 845 790 se“.
890 725 1038 790 Tacitum
1062 729 1094 790 et
1109 727 1266 791 oeeultum

125 823 296 906 'gaudium
320 832 417 910 poeta
439 826 489 891 his
511 826 618 891 verbis
640 825 796 910 designat.
839 827 990 911 Legimus
1013 826 1076 892 Cio.
1099 830 1193 894 Tusa.
1208 829 1268 912 ΠΙ,

145 927 196 1008 21,
210 931 247 989 51
273 927 308 993 in
330 928 403 994 sinu
417 928 588 1012 gaudeant.
633 928 748 994 uibuu.
763 929 817 1013 IV,
835 931 883 1012 13,
899 932 918 994 8
941 928 1003 1007 Qui
1019 930 1106 1014 sapit
1122 931 1154 995 in
1170 929 1266 995 taeito
1336 983 1339 989 ,

145 1028 288 1111 gaudeat
309 1031 365 1096 ille
387 1031 467 1098 sinu.
511 1030 557 1097 Of.
579 1031 720 1117 Proper-t.
736 1032 782 1114 Π,
798 1034 851 1115 25,
867 1036 916 1099 30.
961 1031 1007 1097 cf.
1029 1052 1137 1116 porro:
1159 1052 1266 1098 seeum

146 1130 297 1213 eogitare.

230 1238 260 1300 5.
281 1241 320 1301 Ia
341 1259 368 1302 c.
392 1241 449 1303 abl.
473 1243 642 1303 assumunt
663 1237 763 1302 verba
784 1236 924 1321 ponendi
947 1241 980 1303 et
1001 1237 1041 1302 iis
1063 1237 1192 1321 similia,
1213 1235 1268 1302 ubi

146 1341 178 1399 ia
199 1358 226 1401 c.
249 1359 314 1404 aaa
338 1346 571 1424 exspectamus.

229 1440 296 1525 III,
324 1445 360 1503 17
393 1446 449 1506 tuo
475 1443 630 1507 imbuisse
659 1440 822 1525 palmulas
852 1441 885 1505 in
916 1460 1056 1524 aequore
1085 1440 1140 1526 (de
1171 1440 1268 1506 verbe

149 1539 327 1618 „imbuere“
362 1544 399 1608 ef.
434 1544 522 1628 apud
546 1543 725 1609 Catullum:
756 1543 866 1609 rudem
901 1543 1016 1608 imbuit
1046 1541 1269 1628 Amphitriten,

146 1644 267 1708 seelera
300 1651 366 1729 est
382 1645 506 1711 imbuta
536 1646 691 1729 nefando,
720 1684 763 1695 -
791 1647 964 1712 ineurvans
994 1645 1120 1729 gurgite
1150 1647 1269 1732 remos)

147 1743 187 1824 X,
210 1747 250 1809 23
273 1747 306 1810 in
329 1748 410 1813 eollo
433 1748 492 1814 sibi
516 1750 673 1815 eolloeare
695 1755 811 1833 posset.
856 1749 974 1831 LXIII,
990 1753 1029 1811 55
1054 1748 1169 1831 quibus
1190 1747 1270 1813 loeis

147 1848 284 1929 positam
316 1851 459 1936 LXIIII,
480 1853 521 1915 48
553 1852 675 1916 looatur
704 1851 837 1915 sedibus
863 1851 897 1915 in
919 1850 1043 1915 mediis.
1079 1850 1206 1931 LXVI,
1228 1853 1269 1913 56

147 1956 238 2015 casto
268 1952 403 2018 eolloeat
431 1952 464 2017 in
496 1953 626 2035 gremio.
678 1952 795 2035 LXVI,
818 1955 859 2015 64
890 1951 978 2017 sidus
1007 1952 1040 2016 in
1063 1952 1206 2034 antiquis
1229 1989 1271 2000 -

147 2071 266 2117 novum
288 2055 395 2137 posuit
415 2053 583 2133 LXVIIIb,
600 2058 633 2117 31
664 2055 737 2118 trito
752 2054 928 2136 fulgentem
943 2055 977 2118 in
992 2054 1101 2120 limine
1124 2055 1271 2139 plantam

148 2154 261 2220 innixa
276 2157 445 2222 constituit.
482 2157 595 2240 LXVI,
608 2160 649 2220 59
665 2157 696 2221 in
713 2155 823 2222 limine
838 2157 920 2221 eaeli
933 2156 1014 2221 foret
1029 2156 1103 2221 fixa
1137 2157 1271 2223 Codiees

148 2255 280 2324 habent:
311 2258 344 2323 in
359 2260 501 2339 numine,
532 2260 694 2325 Guarinus
717 2257 854 2341 eonjeoit
883 2259 915 2323 in
944 2258 1063 2343 limite,
1084 2280 1148 2325 non
1170 2259 1272 2342 male,

148 2360 258 2444 leutio,
291 2363 341 2442 ,in
371 2362 499 2427 limine“
533 2381 617 2446 qnae
647 2362 694 2427 rei
731 2362 873 2427 maxime
901 2368 1118 2429 consentanea
1146 2362 1273 2427 videtur

148 2461 277 2545 ingenio
293 2464 485 2530 Vroehliehii
508 2465 650 2531 debetur.
687 2465 739 2548 10,
760 2468 779 2528 4
802 2463 951 2529 suffixum
966 2462 998 2528 in
1022 2483 1149 2529 summa
1171 2484 1272 2530 eruee.

148 2601 193 2612 —
215 2566 313 2631 Porro
335 2566 397 2631 hue
418 2568 591 2652 per-tinent:
613 2566 726 2650 XVII,
747 2570 767 2628 4
790 2584 935 2648 cavaque
957 2567 991 2630 in
1013 2567 1132 2651 palude
1153 2586 1274 2633 reeum-

149 2667 224 2748 bat,
253 2667 315 2732 nisi
338 2675 462 2733 vertere
488 2668 651 2752 praefers:
681 2687 716 2733 er
747 2673 840 2751 moga
862 2667 905 2732 im
930 2669 1063 2755 Sumpfe
1091 2669 1274 2736 uersinkeu.

150 2768 290 2852 LXIIII,
314 2773 353 2834 72
381 2789 490 2835 serens
516 2770 549 2834 in
571 2776 699 2854 pectore
720 2789 824 2836 ouras.
867 2771 957 2855 LXI,
980 2773 1019 2835 97
1050 2772 1083 2836 in
1111 2772 1198 2836 mala
1221 2771 1273 2837 de-

151 2871 237 2936 ditus
260 2873 310 2938 vir
331 2873 487 2939 adultera.
532 2872 615 2959 (Hoo
637 2872 786 2939 eohaeret
808 2892 879 2937 eum
901 2873 1080 2939 locutione:
1109 2893 1218 2939 amare
1239 2874 1273 2939 in

151 2975 274 3060 aliqua,
305 2976 345 3042 de
376 2995 442 3059 qua
472 2976 546 3041 vide
573 2975 680 3060 infra.)
730 2975 825 3061 Apud
857 2976 1041 3040 Lucretium
1069 2975 1219 3059 legimus:
1240 2975 1274 3039 in

151 3098 281 3162 pugnae
312 3079 417 3145 studio
448 3079 532 3162 quod
563 3079 688 3154 dedita,
704 3098 795 3145 meus
816 3084 866 3145 est
886 3079 951 3162 III,
973 3081 1045 3144 647.
1066 3115 1110 3126 -
1130 3079 1232 3162 LXX,
1255 3082 1274 3142 4

158 3181 208 3258 „in
232 3188 327 3248 vento
350 3190 382 3248 et
404 3182 521 3267 rapida
544 3181 681 3249 seribere
704 3187 828 3266 oportet
850 3185 975 3264 aqua“,
995 3180 1116 3265 LXIV,
1138 3184 1198 3245 174
1223 3181 1276 3261 ,in

153 3281 249 3350 Oreta
277 3283 471 3367 religasset“.
520 3285 610 3351 Haeo
639 3285 724 3350 enim
760 3283 879 3348 oodieis
909 3282 936 3348 0
966 3284 1125 3367 scriptura
1154 3285 1276 3369 praefe-

154 3384 255 3451 renda
285 3386 413 3452 videtur
442 3388 473 3453 ei
501 3407 599 3470 quam
623 3386 652 3452 G
675 3385 809 3471 praebet
829 3386 879 3471 ,iu
903 3386 1057 3452 Cretam‘.
1102 3387 1149 3452 of.
1171 3387 1277 3452 Ellisii

151 3489 228 3555 edit
249 3494 282 3554 et
304 3493 470 3556 comment

237 3595 265 3657 6.
287 3592 350 3656 Pro
376 3591 615 3677 praepositione
643 3598 724 3657 iuter
746 3590 863 3657 dieitur
884 3596 916 3657 ia
938 3592 979 3656 de
1000 3590 1109 3676 eopia,
1138 3591 1220 3677 X,6
1243 3593 1276 3657 iu

153 3695 268 3776 quihus
290 3695 368 3778 quid
390 3701 483 3760 esset.
526 3693 674 3777 LXXXI,
697 3698 710 3757 1
735 3693 881 3758 intanto
903 3693 1021 3778 populo
1044 3714 1124 3761 essa

239 3802 267 3861 7.
289 3799 338 3864 De
359 3797 438 3881 situ,
467 3795 664 3880 conditione,
694 3797 863 3863 oeeasione
893 3802 1078 3882 usurpatur:
1101 3799 1181 3884 XII,
1201 3801 1220 3861 2
1242 3798 1276 3863 in

148 3894 225 3978 joeo
247 3903 345 3978 atque
365 3901 450 3966 vino.
493 3899 564 3984 LX,
586 3902 606 3962 4
634 3918 745 3965 voeem
774 3899 807 3964 in
830 3899 1005 3965 novissimo
1028 3919 1106 3966 oasu
1129 3908 1277 3966 oomtem·

153 4004 242 4083 ptam
268 3999 384 4066 babere
405 4002 545 4080 LXIIII‚
568 4003 630 4066 393
657 4002 690 4067 iu
718 4002 844 4069 letifero
867 4001 946 4068 belli
968 4003 1141 4068 eertamine
1162 4039 1206 4051 -
1227 4009 1277 4068 est

153 4099 296 4167 hortatus
337 4103 439 4188 LXV,
464 4109 501 4166 45
539 4105 572 4169 in
610 4105 711 4170 tantis
744 4105 943 4170 maeroribus
970 4138 1013 4150 -
1042 4104 1132 4169 mitto
1164 4102 1277 4190 (treta)

153 4203 321 4291 LXVIIIb,
336 4207 374 4270 21
400 4225 507 4272 erasse
529 4206 562 4270 in
585 4209 701 4273 sudore
724 4208 870 4273 levamen
892 4205 1061 4291 LXVIIIb,
1076 4210 1116 4270 23
1136 4208 1169 4271 in
1184 4209 1276 4288 nigro

147 4303 284 4388 jactatis
307 4308 432 4375 turbine
455 4306 562 4375 nautis
583 4310 732 4391 LXVI,3
755 4309 885 4374 foedere
906 4309 939 4372 in
963 4308 1028 4372 ullo
1050 4306 1180 4375 numine
1202 4309 1279 4376 abu·

1054 4430 1072 4481 ³
