<?xml version="1.0" encoding="UTF-8"?>
<!DOCTYPE html PUBLIC "-//W3C//DTD XHTML 1.0 Transitional//EN"
    "http://www.w3.org/TR/xhtml1/DTD/xhtml1-transitional.dtd">
<html xmlns="http://www.w3.org/1999/xhtml" xml:lang="en" lang="en">
 <head>
  <title>
</title>
<meta http-equiv="Content-Type" content="text/html;charset=utf-8" />
  <meta name='ocr-system' content='tesseract 3.04.00' />
  <meta name='ocr-capabilities' content='ocr_page ocr_carea ocr_par ocr_line ocrx_word'/>
</head>
<body>
  <div class='ocr_page' id='page_1' title='image "./departicularumu00dudegoog_0012.png"; bbox 0 0 2828 4762; ppageno 0'>
   <div class='ocr_carea' id='block_1_1' title="bbox 1264 312 1284 372">
    <p class='ocr_par' dir='ltr' id='par_1_1' title="bbox 1264 312 1284 372">
     <span class='ocr_line' id='line_1_1' title="bbox 1264 312 1284 372; baseline 0 0"><span class='ocrx_word' id='word_1_1' title='bbox 1264 312 1284 372; x_wconf 82' lang='lat'><strong>7=</strong></span> 
     </span>
    </p>
   </div>
   <div class='ocr_carea' id='block_1_2' title="bbox 158 479 1285 775">
    <p class='ocr_par' dir='ltr' id='par_1_2' title="bbox 158 440 1285 775">
     <span class='ocr_line' id='line_1_2' title="bbox 160 479 1285 569; baseline -0.01 -16"><span class='ocrx_word' id='word_1_2' title='bbox 160 487 307 553; x_wconf 81' lang='lat' dir='ltr'><strong>referens.</strong></span> <span class='ocrx_word' id='word_1_3' title='bbox 350 485 524 569; x_wconf 80' lang='lat' dir='ltr'><strong>„Nuntium</strong></span> <span class='ocrx_word' id='word_1_4' title='bbox 546 483 590 549; x_wconf 84' lang='lat' dir='ltr'><strong>ed</strong></span> <span class='ocrx_word' id='word_1_5' title='bbox 614 483 927 568; x_wconf 81' lang='lat' dir='ltr'><strong>uliquem“.suepius</strong></span> <span class='ocrx_word' id='word_1_6' title='bbox 947 481 1117 560; x_wconf 83' lang='lat' dir='ltr'><strong>iuvenitur,</strong></span> <span class='ocrx_word' id='word_1_7' title='bbox 1147 479 1285 563; x_wconf 82' lang='lat' dir='ltr'><strong>seriptor</strong></span> 
     </span>
     <span class='ocr_line' id='line_1_3' title="bbox 158 581 1284 666; baseline -0.004 -13"><span class='ocrx_word' id='word_1_8' title='bbox 158 590 218 656; x_wconf 92' lang='lat' dir='ltr'><strong>iter</strong></span> <span class='ocrx_word' id='word_1_9' title='bbox 240 589 343 655; x_wconf 90' lang='lat' dir='ltr'><strong>nuntii</strong></span> <span class='ocrx_word' id='word_1_10' title='bbox 365 589 398 654; x_wconf 91' lang='lat' dir='ltr'><strong>iu</strong></span> <span class='ocrx_word' id='word_1_11' title='bbox 423 587 530 652; x_wconf 84' lang='lat' dir='ltr'><strong>animo</strong></span> <span class='ocrx_word' id='word_1_12' title='bbox 554 586 657 653; x_wconf 84' lang='lat' dir='ltr'><strong>habet.</strong></span> <span class='ocrx_word' id='word_1_13' title='bbox 701 586 750 651; x_wconf 89' lang='lat' dir='ltr'><strong>De</strong></span> <span class='ocrx_word' id='word_1_14' title='bbox 773 586 888 650; x_wconf 81' lang='lat' dir='ltr'><strong>Plauto</strong></span> <span class='ocrx_word' id='word_1_15' title='bbox 910 584 948 650; x_wconf 85' lang='lat' dir='ltr'><strong>of.</strong></span> <span class='ocrx_word' id='word_1_16' title='bbox 971 583 1057 649; x_wconf 85' lang='lat' dir='ltr'><strong>Brix.</strong></span> <span class='ocrx_word' id='word_1_17' title='bbox 1071 581 1114 648; x_wconf 86' lang='lat' dir='ltr'><strong>ad</strong></span> <span class='ocrx_word' id='word_1_18' title='bbox 1130 583 1175 650; x_wconf 89' lang='lat' dir='ltr'><strong>Pl.</strong></span> <span class='ocrx_word' id='word_1_19' title='bbox 1191 582 1284 666; x_wconf 82' lang='lat' dir='ltr'><strong>Gept.</strong></span> 
     </span>
     <span class='ocr_line' id='line_1_4' title="bbox 158 682 1282 775; baseline -0.009 -17"><span class='ocrx_word' id='word_1_20' title='bbox 158 693 201 775; x_wconf 95' lang='lat' dir='ltr'><strong>ll,</strong></span> <span class='ocrx_word' id='word_1_21' title='bbox 216 695 244 773; x_wconf 87' lang='grc'><strong>2,</strong></span> <span class='ocrx_word' id='word_1_22' title='bbox 262 696 331 773; x_wconf 82' lang='grc'><strong>110,</strong></span> <span class='ocrx_word' id='word_1_23' title='bbox 354 691 395 757; x_wconf 86' lang='lat' dir='ltr'><strong>de</strong></span> <span class='ocrx_word' id='word_1_24' title='bbox 418 689 565 755; x_wconf 79' lang='lat' dir='ltr'><strong>Lueretio</strong></span> <span class='ocrx_word' id='word_1_25' title='bbox 581 688 710 756; x_wconf 81' lang='lat' dir='ltr'><strong>Loohm.</strong></span> <span class='ocrx_word' id='word_1_26' title='bbox 726 688 768 754; x_wconf 81' lang='lat' dir='ltr'><strong>ed</strong></span> <span class='ocrx_word' id='word_1_27' title='bbox 783 689 819 753; x_wconf 90' lang='lat' dir='ltr'><strong>L.</strong></span> <span class='ocrx_word' id='word_1_28' title='bbox 835 688 892 770; x_wconf 95' lang='lat' dir='ltr'><strong>lV,</strong></span> <span class='ocrx_word' id='word_1_29' title='bbox 904 690 975 752; x_wconf 82' lang='grc'><strong>568.</strong></span> <span class='ocrx_word' id='word_1_30' title='bbox 995 722 1038 734; x_wconf 87' lang='lat'><strong>--</strong></span> <span class='ocrx_word' id='word_1_31' title='bbox 1060 682 1226 765; x_wconf 86' lang='lat' dir='ltr'>LXVIIIb,</span> <span class='ocrx_word' id='word_1_32' title='bbox 1241 687 1282 748; x_wconf 88' lang='grc'><strong>48</strong></span> 
     </span>
    </p>
   </div>
   <div class='ocr_carea' id='block_1_3' title="bbox 159 788 1286 4150">
    <p class='ocr_par' dir='ltr' id='par_1_3' title="bbox 159 788 1285 1284">
     <span class='ocr_line' id='line_1_5' title="bbox 159 788 1285 872; baseline -0.004 -15"><span class='ocrx_word' id='word_1_33' title='bbox 159 794 203 858; x_wconf 89' lang='lat' dir='ltr'><strong>ad</strong></span> <span class='ocrx_word' id='word_1_34' title='bbox 225 811 296 858; x_wconf 89' lang='lat' dir='ltr'><strong>sese</strong></span> <span class='ocrx_word' id='word_1_35' title='bbox 311 791 410 858; x_wconf 83' lang='lat' dir='ltr'><strong>Troia</strong></span> <span class='ocrx_word' id='word_1_36' title='bbox 434 792 517 857; x_wconf 87' lang='lat' dir='ltr'><strong>oiere</strong></span> <span class='ocrx_word' id='word_1_37' title='bbox 539 791 625 855; x_wconf 89' lang='lat' dir='ltr'><strong>viros</strong></span> <span class='ocrx_word' id='word_1_38' title='bbox 640 811 669 856; x_wconf 88' lang='lat' dir='ltr'><strong>v.</strong></span> <span class='ocrx_word' id='word_1_39' title='bbox 685 793 722 854; x_wconf 84' lang='grc'><strong>61</strong></span> <span class='ocrx_word' id='word_1_40' title='bbox 747 788 776 856; x_wconf 89' lang='lat' dir='ltr'><strong>h.</strong></span> <span class='ocrx_word' id='word_1_41' title='bbox 792 809 818 856; x_wconf 87' lang='lat' dir='ltr'><strong>o.</strong></span> <span class='ocrx_word' id='word_1_42' title='bbox 839 790 883 853; x_wconf 86' lang='lat' dir='ltr'><strong>ed</strong></span> <span class='ocrx_word' id='word_1_43' title='bbox 904 797 1082 872; x_wconf 79' lang='lat' dir='ltr'><strong>quamtum</strong></span> <span class='ocrx_word' id='word_1_44' title='bbox 1098 806 1285 872; x_wconf 83' lang='lat' dir='ltr'><strong>propereus,</strong></span> 
     </span>
     <span class='ocr_line' id='line_1_6' title="bbox 159 886 1283 961; baseline -0.01 1"><span class='ocrx_word' id='word_1_45' title='bbox 159 895 231 961; x_wconf 88' lang='lat' dir='ltr'><strong>sed:</strong></span> <span class='ocrx_word' id='word_1_46' title='bbox 261 915 290 959; x_wconf 83' lang='lat' dir='ltr'><strong>v.</strong></span> <span class='ocrx_word' id='word_1_47' title='bbox 305 897 347 958; x_wconf 86' lang='grc'><strong>46</strong></span> <span class='ocrx_word' id='word_1_48' title='bbox 370 893 398 958; x_wconf 87' lang='lat' dir='ltr'><strong>h.</strong></span> <span class='ocrx_word' id='word_1_49' title='bbox 422 913 447 960; x_wconf 88' lang='lat' dir='ltr'><strong>o.</strong></span> <span class='ocrx_word' id='word_1_50' title='bbox 470 894 498 959; x_wconf 91' lang='lat' dir='ltr'><strong>si</strong></span> <span class='ocrx_word' id='word_1_51' title='bbox 528 893 621 958; x_wconf 88' lang='lat' dir='ltr'><strong>miles</strong></span> <span class='ocrx_word' id='word_1_52' title='bbox 653 912 761 958; x_wconf 84' lang='lat' dir='ltr'><strong>muros</strong></span> <span class='ocrx_word' id='word_1_53' title='bbox 789 891 867 956; x_wconf 91' lang='lat' dir='ltr'><strong>isset</strong></span> <span class='ocrx_word' id='word_1_54' title='bbox 896 891 940 956; x_wconf 81' lang='lat' dir='ltr'><strong>ad</strong></span> <span class='ocrx_word' id='word_1_55' title='bbox 962 890 1152 957; x_wconf 73' lang='lat' dir='ltr'><strong>Ilissos-</strong></span> <span class='ocrx_word' id='word_1_56' title='bbox 1174 889 1211 954; x_wconf 85' lang='lat' dir='ltr'><strong>lu</strong></span> <span class='ocrx_word' id='word_1_57' title='bbox 1233 886 1283 951; x_wconf 89' lang='lat' dir='ltr'><strong>his</strong></span> 
     </span>
     <span class='ocr_line' id='line_1_7' title="bbox 159 989 1284 1082; baseline -0.007 -20"><span class='ocrx_word' id='word_1_58' title='bbox 159 1016 286 1080; x_wconf 89' lang='lat' dir='ltr'><strong>quoque</strong></span> <span class='ocrx_word' id='word_1_59' title='bbox 322 996 478 1082; x_wconf 86' lang='lat' dir='ltr'><strong>exemplis</strong></span> <span class='ocrx_word' id='word_1_60' title='bbox 511 1001 634 1061; x_wconf 83' lang='lat' dir='ltr'><strong>tautum</strong></span> <span class='ocrx_word' id='word_1_61' title='bbox 667 995 757 1059; x_wconf 91' lang='lat' dir='ltr'><strong>notio</strong></span> <span class='ocrx_word' id='word_1_62' title='bbox 793 993 968 1060; x_wconf 80' lang='lat' dir='ltr'><strong>statuenda</strong></span> <span class='ocrx_word' id='word_1_63' title='bbox 1004 999 1054 1058; x_wconf 85' lang='lat' dir='ltr'><strong>est</strong></span> <span class='ocrx_word' id='word_1_64' title='bbox 1090 989 1284 1073; x_wconf 73' lang='lat' dir='ltr'><strong>directionis,</strong></span> 
     </span>
     <span class='ocr_line' id='line_1_8' title="bbox 159 1095 1283 1184; baseline -0.004 -21"><span class='ocrx_word' id='word_1_65' title='bbox 159 1098 307 1165; x_wconf 81' lang='lat' dir='ltr'><strong>hostilem</strong></span> <span class='ocrx_word' id='word_1_66' title='bbox 322 1099 477 1184; x_wconf 85' lang='lat' dir='ltr'><strong>impetum</strong></span> <span class='ocrx_word' id='word_1_67' title='bbox 500 1097 756 1184; x_wconf 73' lang='lat' dir='ltr'><strong>praepositissa</strong></span> <span class='ocrx_word' id='word_1_68' title='bbox 777 1117 835 1180; x_wconf 89' lang='lat' dir='ltr'><strong>per</strong></span> <span class='ocrx_word' id='word_1_69' title='bbox 856 1115 892 1163; x_wconf 91' lang='lat' dir='ltr'><strong>se</strong></span> <span class='ocrx_word' id='word_1_70' title='bbox 915 1095 1060 1161; x_wconf 73' lang='lat' dir='ltr'><strong>indicare</strong></span> <span class='ocrx_word' id='word_1_71' title='bbox 1082 1115 1147 1159; x_wconf 87' lang='lat' dir='ltr'><strong>non</strong></span> <span class='ocrx_word' id='word_1_72' title='bbox 1169 1098 1283 1179; x_wconf 83' lang='lat' dir='ltr'><strong>potest,</strong></span> 
     </span>
     <span class='ocr_line' id='line_1_9' title="bbox 160 1200 917 1284; baseline -0.007 -17"><span class='ocrx_word' id='word_1_73' title='bbox 160 1208 195 1267; x_wconf 90' lang='lat' dir='ltr'><strong>ut</strong></span> <span class='ocrx_word' id='word_1_74' title='bbox 216 1201 298 1268; x_wconf 87' lang='lat' dir='ltr'><strong>bene</strong></span> <span class='ocrx_word' id='word_1_75' title='bbox 320 1201 432 1268; x_wconf 86' lang='lat' dir='ltr'><strong>doouit</strong></span> <span class='ocrx_word' id='word_1_76' title='bbox 450 1200 628 1266; x_wconf 81' lang='lat' dir='ltr'><strong>Hondius</strong></span> <span class='ocrx_word' id='word_1_77' title='bbox 620 1221 653 1265; x_wconf 92' lang='lat' dir='ltr'><strong>m</strong></span> <span class='ocrx_word' id='word_1_78' title='bbox 676 1202 769 1266; x_wconf 84' lang='lat' dir='ltr'><strong>Turs</strong></span> <span class='ocrx_word' id='word_1_79' title='bbox 784 1201 799 1264; x_wconf 95' lang='lat' dir='ltr'>I</span> <span class='ocrx_word' id='word_1_80' title='bbox 822 1220 852 1284; x_wconf 88' lang='lat' dir='ltr'><strong>p.</strong></span> <span class='ocrx_word' id='word_1_81' title='bbox 868 1202 917 1265; x_wconf 84' lang='lat'><strong>85.</strong></span> 
     </span>
    </p>

    <p class='ocr_par' dir='ltr' id='par_1_4' title="bbox 160 1259 1285 1490">
     <span class='ocr_line' id='line_1_10' title="bbox 246 1259 1285 1386; baseline 0.002 -20"><span class='ocrx_word' id='word_1_82' title='bbox 246 1307 274 1371; x_wconf 91' lang='grc'><strong>2.</strong></span> <span class='ocrx_word' id='word_1_83' title='bbox 302 1311 351 1371; x_wconf 73' lang='grc' dir='ltr'><strong>Λα</strong></span> <span class='ocrx_word' id='word_1_84' title='bbox 371 1304 540 1371; x_wconf 86' lang='lat' dir='ltr'><strong>terminum</strong></span> <span class='ocrx_word' id='word_1_85' title='bbox 563 1303 697 1386; x_wconf 82' lang='lat' dir='ltr'><strong>respieit</strong></span> <span class='ocrx_word' id='word_1_86' title='bbox 716 1301 764 1367; x_wconf 86' lang='lat' dir='ltr'><strong>itu</strong></span> <span class='ocrx_word' id='word_1_87' title='bbox 785 1309 824 1366; x_wconf 92' lang='lat' dir='ltr'><strong>ut</strong></span> <span class='ocrx_word' id='word_1_88' title='bbox 841 1301 927 1367; x_wconf 92' lang='lat' dir='ltr'><strong>idem</strong></span> <span class='ocrx_word' id='word_1_89' title='bbox 948 1299 990 1366; x_wconf 84' lang='lat' dir='ltr'><strong>sit</strong></span> <span class='ocrx_word' id='word_1_90' title='bbox 1014 1307 1111 1384; x_wconf 79' lang='lat' dir='ltr'><strong>atque</strong></span> <span class='ocrx_word' id='word_1_91' title='bbox 1133 1322 1227 1381; x_wconf 79' lang='lat' dir='ltr'><strong>usque</strong></span> <span class='ocrx_word' id='word_1_92' title='bbox 1240 1259 1285 1367; x_wconf 74' lang='lat' dir='ltr'><strong>od</strong></span> 
     </span>
     <span class='ocr_line' id='line_1_11' title="bbox 160 1405 679 1490; baseline 0 -19"><span class='ocrx_word' id='word_1_93' title='bbox 160 1407 244 1490; x_wconf 88' lang='lat' dir='ltr'><strong>quod</strong></span> <span class='ocrx_word' id='word_1_94' title='bbox 268 1407 428 1473; x_wconf 87' lang='lat' dir='ltr'><strong>interdum</strong></span> <span class='ocrx_word' id='word_1_95' title='bbox 451 1405 598 1471; x_wconf 84' lang='lat' dir='ltr'><strong>additum</strong></span> <span class='ocrx_word' id='word_1_96' title='bbox 621 1411 679 1472; x_wconf 83' lang='lat' dir='ltr'><strong>est</strong></span> 
     </span>
    </p>

    <p class='ocr_par' dir='ltr' id='par_1_5' title="bbox 159 1505 1285 3127">
     <span class='ocr_line' id='line_1_12' title="bbox 244 1505 1281 1591; baseline -0.005 -17"><span class='ocrx_word' id='word_1_97' title='bbox 244 1509 318 1591; x_wconf 94' lang='lat' dir='ltr'><strong>llll,</strong></span> <span class='ocrx_word' id='word_1_98' title='bbox 333 1513 375 1572; x_wconf 90' lang='grc'><strong>24</strong></span> <span class='ocrx_word' id='word_1_99' title='bbox 396 1509 485 1574; x_wconf 79' lang='lat' dir='ltr'><strong>venit</strong></span> <span class='ocrx_word' id='word_1_100' title='bbox 513 1528 535 1573; x_wconf 78' lang='lat' dir='ltr'><strong>s</strong></span> <span class='ocrx_word' id='word_1_101' title='bbox 565 1507 646 1572; x_wconf 83' lang='lat' dir='ltr'><strong>mori</strong></span> <span class='ocrx_word' id='word_1_102' title='bbox 676 1506 824 1572; x_wconf 84' lang='lat' dir='ltr'><strong>bonoad</strong></span> <span class='ocrx_word' id='word_1_103' title='bbox 845 1525 947 1589; x_wconf 89' lang='lat' dir='ltr'><strong>usque</strong></span> <span class='ocrx_word' id='word_1_104' title='bbox 977 1505 1144 1591; x_wconf 91' lang='lat' dir='ltr'><strong>limpidum</strong></span> <span class='ocrx_word' id='word_1_105' title='bbox 1168 1505 1281 1573; x_wconf 85' lang='lat' dir='ltr'><strong>laeum.</strong></span> 
     </span>
     <span class='ocr_line' id='line_1_13' title="bbox 160 1608 1283 1694; baseline -0.002 -19"><span class='ocrx_word' id='word_1_106' title='bbox 160 1612 296 1692; x_wconf 91' lang='lat' dir='ltr'>LXIIII,</span> <span class='ocrx_word' id='word_1_107' title='bbox 310 1614 329 1676; x_wconf 81' lang='lat'><strong>3</strong></span> <span class='ocrx_word' id='word_1_108' title='bbox 345 1630 441 1677; x_wconf 85' lang='lat' dir='ltr'><strong>nesse</strong></span> <span class='ocrx_word' id='word_1_109' title='bbox 462 1629 520 1694; x_wconf 91' lang='lat' dir='ltr'><strong>per</strong></span> <span class='ocrx_word' id='word_1_110' title='bbox 535 1609 640 1675; x_wconf 83' lang='lat' dir='ltr'><strong>undas</strong></span> <span class='ocrx_word' id='word_1_111' title='bbox 655 1608 700 1674; x_wconf 81' lang='lat' dir='ltr'><strong>ed</strong></span> <span class='ocrx_word' id='word_1_112' title='bbox 714 1608 827 1674; x_wconf 88' lang='lat' dir='ltr'><strong>fluetus</strong></span> <span class='ocrx_word' id='word_1_113' title='bbox 842 1611 981 1676; x_wconf 80' lang='lat' dir='ltr'><strong>Aeeteos</strong></span> <span class='ocrx_word' id='word_1_114' title='bbox 994 1608 1092 1691; x_wconf 81' lang='lat' dir='ltr'>XCV,</span> <span class='ocrx_word' id='word_1_115' title='bbox 1107 1611 1126 1670; x_wconf 89' lang='lat'>5</span> <span class='ocrx_word' id='word_1_116' title='bbox 1141 1608 1283 1693; x_wconf 83' lang='lat' dir='ltr'><strong>Zmyrna</strong></span> 
     </span>
     <span class='ocr_line' id='line_1_14' title="bbox 160 1711 1283 1799; baseline 0.001 -22"><span class='ocrx_word' id='word_1_117' title='bbox 160 1733 260 1779; x_wconf 83' lang='lat' dir='ltr'><strong>oeves</strong></span> <span class='ocrx_word' id='word_1_118' title='bbox 283 1713 432 1780; x_wconf 82' lang='lat' dir='ltr'><strong>Satrsehi</strong></span> <span class='ocrx_word' id='word_1_119' title='bbox 459 1712 587 1799; x_wconf 89' lang='lat' dir='ltr'><strong>penitus</strong></span> <span class='ocrx_word' id='word_1_120' title='bbox 613 1714 757 1779; x_wconf 88' lang='lat' dir='ltr'><strong>mittetur</strong></span> <span class='ocrx_word' id='word_1_121' title='bbox 785 1712 830 1778; x_wconf 82' lang='lat' dir='ltr'><strong>ud</strong></span> <span class='ocrx_word' id='word_1_122' title='bbox 862 1712 977 1779; x_wconf 81' lang='lat' dir='ltr'><strong>undas</strong></span> <span class='ocrx_word' id='word_1_123' title='bbox 1019 1711 1149 1792; x_wconf 81' lang='lat' dir='ltr'>CXV,6</span> <span class='ocrx_word' id='word_1_124' title='bbox 1173 1712 1283 1794; x_wconf 83' lang='lat' dir='ltr'><strong>Usque</strong></span> 
     </span>
     <span class='ocr_line' id='line_1_15' title="bbox 160 1813 1283 1901; baseline -0.001 -19"><span class='ocrx_word' id='word_1_125' title='bbox 160 1816 202 1882; x_wconf 84' lang='lat' dir='ltr'><strong>ud</strong></span> <span class='ocrx_word' id='word_1_126' title='bbox 224 1816 449 1901; x_wconf 89' lang='lat' dir='ltr'><strong>Hyperboreos</strong></span> <span class='ocrx_word' id='word_1_127' title='bbox 471 1821 503 1884; x_wconf 89' lang='lat' dir='ltr'><strong>et</strong></span> <span class='ocrx_word' id='word_1_128' title='bbox 525 1835 614 1883; x_wconf 82' lang='lat' dir='ltr'><strong>mure</strong></span> <span class='ocrx_word' id='word_1_129' title='bbox 637 1816 681 1881; x_wconf 84' lang='lat' dir='ltr'><strong>ad</strong></span> <span class='ocrx_word' id='word_1_130' title='bbox 702 1813 876 1882; x_wconf 81' lang='lat' dir='ltr'><strong>Oueauum.</strong></span> <span class='ocrx_word' id='word_1_131' title='bbox 919 1815 990 1879; x_wconf 88' lang='lat' dir='ltr'><strong>Huu</strong></span> <span class='ocrx_word' id='word_1_132' title='bbox 1004 1814 1204 1898; x_wconf 80' lang='lat' dir='ltr'><strong>referendum</strong></span> <span class='ocrx_word' id='word_1_133' title='bbox 1219 1819 1283 1881; x_wconf 86' lang='lat' dir='ltr'><strong>est:</strong></span> 
     </span>
     <span class='ocr_line' id='line_1_16' title="bbox 160 1915 1283 2001; baseline -0.004 -17"><span class='ocrx_word' id='word_1_134' title='bbox 160 1919 350 2001; x_wconf 52' lang='lat' dir='ltr'><strong>xxxixa</strong></span> <span class='ocrx_word' id='word_1_135' title='bbox 376 1918 419 1984; x_wconf 85' lang='lat' dir='ltr'><strong>ad</strong></span> <span class='ocrx_word' id='word_1_136' title='bbox 449 1919 494 1984; x_wconf 91' lang='lat' dir='ltr'><strong>rei</strong></span> <span class='ocrx_word' id='word_1_137' title='bbox 523 1925 653 1985; x_wconf 85' lang='lat' dir='ltr'><strong>ventum</strong></span> <span class='ocrx_word' id='word_1_138' title='bbox 683 1922 732 1984; x_wconf 90' lang='lat' dir='ltr'><strong>est</strong></span> <span class='ocrx_word' id='word_1_139' title='bbox 761 1916 947 1982; x_wconf 89' lang='lat' dir='ltr'><strong>subsellium</strong></span> <span class='ocrx_word' id='word_1_140' title='bbox 970 1915 990 1981; x_wconf 89' lang='lat' dir='ltr'><strong>i.</strong></span> <span class='ocrx_word' id='word_1_141' title='bbox 1012 1935 1039 1981; x_wconf 90' lang='lat' dir='ltr'><strong>e.</strong></span> <span class='ocrx_word' id='word_1_142' title='bbox 1061 1915 1160 1982; x_wconf 82' lang='lat' dir='ltr'><strong>solbet</strong></span> <span class='ocrx_word' id='word_1_143' title='bbox 1189 1935 1283 1982; x_wconf 87' lang='lat' dir='ltr'><strong>weuu</strong></span> 
     </span>
     <span class='ocr_line' id='line_1_17' title="bbox 159 2017 1285 2102; baseline -0.002 -16"><span class='ocrx_word' id='word_1_144' title='bbox 159 2020 212 2086; x_wconf 90' lang='lat' dir='ltr'><strong>eiu</strong></span> <span class='ocrx_word' id='word_1_145' title='bbox 244 2021 374 2086; x_wconf 85' lang='lat' dir='ltr'><strong>Mensoh</strong></span> <span class='ocrx_word' id='word_1_146' title='bbox 415 2020 513 2086; x_wconf 90' lang='lat' dir='ltr'><strong>sohou</strong></span> <span class='ocrx_word' id='word_1_147' title='bbox 546 2020 606 2085; x_wconf 80' lang='lat' dir='ltr'><strong>auf</strong></span> <span class='ocrx_word' id='word_1_148' title='bbox 634 2019 693 2084; x_wconf 88' lang='lat' dir='ltr'><strong>der</strong></span> <span class='ocrx_word' id='word_1_149' title='bbox 725 2017 978 2102; x_wconf 83' lang='lat' dir='ltr'><strong>Anklugeblank</strong></span> <span class='ocrx_word' id='word_1_150' title='bbox 1009 2017 1092 2085; x_wconf 82' lang='lat' dir='ltr'><strong>sitzt</strong></span> <span class='ocrx_word' id='word_1_151' title='bbox 1151 2017 1285 2084; x_wconf 78' lang='lat' dir='ltr'><strong>Ellisius</strong></span> 
     </span>
     <span class='ocr_line' id='line_1_18' title="bbox 160 2119 1282 2207; baseline -0.002 -19"><span class='ocrx_word' id='word_1_152' title='bbox 160 2122 402 2207; x_wconf 72' lang='lat' dir='ltr'><strong>(Commentery</strong></span> <span class='ocrx_word' id='word_1_153' title='bbox 424 2143 465 2186; x_wconf 88' lang='lat' dir='ltr'><strong>ou</strong></span> <span class='ocrx_word' id='word_1_154' title='bbox 489 2121 637 2189; x_wconf 75' lang='lat' dir='ltr'><strong>Catullus</strong></span> <span class='ocrx_word' id='word_1_155' title='bbox 659 2140 689 2205; x_wconf 90' lang='lat' dir='ltr'><strong>p.</strong></span> <span class='ocrx_word' id='word_1_156' title='bbox 708 2119 781 2204; x_wconf 86' lang='lat'>107)</span> <span class='ocrx_word' id='word_1_157' title='bbox 804 2119 1005 2186; x_wconf 76' lang='lat' dir='ltr'><strong>demonstrat</strong></span> <span class='ocrx_word' id='word_1_158' title='bbox 1019 2119 1081 2204; x_wconf 79' lang='lat' dir='ltr'><strong>„od</strong></span> <span class='ocrx_word' id='word_1_159' title='bbox 1096 2119 1282 2186; x_wconf 89' lang='lat' dir='ltr'><strong>subsellium</strong></span> 
     </span>
     <span class='ocr_line' id='line_1_19' title="bbox 160 2221 1284 2310; baseline -0.001 -21"><span class='ocrx_word' id='word_1_160' title='bbox 160 2224 287 2291; x_wconf 84' lang='lat' dir='ltr'><strong>venire“</strong></span> <span class='ocrx_word' id='word_1_161' title='bbox 308 2224 372 2290; x_wconf 85' lang='lat' dir='ltr'><strong>diei</strong></span> <span class='ocrx_word' id='word_1_162' title='bbox 392 2244 487 2310; x_wconf 88' lang='lat' dir='ltr'><strong>pesse</strong></span> <span class='ocrx_word' id='word_1_163' title='bbox 509 2224 564 2308; x_wconf 83' lang='lat' dir='ltr'><strong>„of</strong></span> <span class='ocrx_word' id='word_1_164' title='bbox 581 2223 635 2291; x_wconf 89' lang='lat' dir='ltr'><strong>the</strong></span> <span class='ocrx_word' id='word_1_165' title='bbox 656 2222 839 2305; x_wconf 78' lang='lat' dir='ltr'><strong>defenduut,</strong></span> <span class='ocrx_word' id='word_1_166' title='bbox 861 2221 947 2288; x_wconf 79' lang='lat' dir='ltr'><strong>otteu</strong></span> <span class='ocrx_word' id='word_1_167' title='bbox 970 2222 1007 2287; x_wconf 85' lang='lat' dir='ltr'><strong>of</strong></span> <span class='ocrx_word' id='word_1_168' title='bbox 1024 2221 1078 2289; x_wconf 88' lang='lat' dir='ltr'><strong>the</strong></span> <span class='ocrx_word' id='word_1_169' title='bbox 1092 2222 1236 2307; x_wconf 78' lang='lat' dir='ltr'><strong>pleiutiff</strong></span> <span class='ocrx_word' id='word_1_170' title='bbox 1247 2244 1284 2288; x_wconf 87' lang='lat' dir='ltr'><strong>or</strong></span> 
     </span>
     <span class='ocr_line' id='line_1_20' title="bbox 160 2325 1283 2411; baseline -0.001 -19"><span class='ocrx_word' id='word_1_171' title='bbox 160 2329 196 2393; x_wconf 88' lang='lat' dir='ltr'><strong>of</strong></span> <span class='ocrx_word' id='word_1_172' title='bbox 213 2327 267 2394; x_wconf 80' lang='lat' dir='ltr'><strong>tire</strong></span> <span class='ocrx_word' id='word_1_173' title='bbox 284 2327 429 2411; x_wconf 85' lang='lat' dir='ltr'><strong>judges“.</strong></span> <span class='ocrx_word' id='word_1_174' title='bbox 472 2328 541 2393; x_wconf 89' lang='lat' dir='ltr'><strong>Hoo</strong></span> <span class='ocrx_word' id='word_1_175' title='bbox 570 2327 669 2411; x_wconf 78' lang='lat' dir='ltr'><strong>igitur</strong></span> <span class='ocrx_word' id='word_1_176' title='bbox 689 2326 760 2392; x_wconf 84' lang='lat' dir='ltr'><strong>loeo</strong></span> <span class='ocrx_word' id='word_1_177' title='bbox 783 2325 824 2393; x_wconf 89' lang='lat' dir='ltr'><strong>do</strong></span> <span class='ocrx_word' id='word_1_178' title='bbox 850 2325 1019 2392; x_wconf 87' lang='lat' dir='ltr'><strong>defensore</strong></span> <span class='ocrx_word' id='word_1_179' title='bbox 1040 2326 1283 2409; x_wconf 77' lang='lat' dir='ltr'><strong>intelligendum</strong></span> 
     </span>
     <span class='ocr_line' id='line_1_21' title="bbox 159 2426 1284 2514; baseline -0.004 -18"><span class='ocrx_word' id='word_1_180' title='bbox 159 2431 226 2496; x_wconf 87' lang='lat' dir='ltr'><strong>erit.</strong></span> <span class='ocrx_word' id='word_1_181' title='bbox 270 2432 424 2498; x_wconf 80' lang='lat' dir='ltr'><strong>Attsmeu</strong></span> <span class='ocrx_word' id='word_1_182' title='bbox 446 2428 588 2513; x_wconf 77' lang='lat' dir='ltr'><strong>vulgaris</strong></span> <span class='ocrx_word' id='word_1_183' title='bbox 604 2429 702 2513; x_wconf 89' lang='lat' dir='ltr'><strong>notio,</strong></span> <span class='ocrx_word' id='word_1_184' title='bbox 724 2430 765 2496; x_wconf 88' lang='lat' dir='ltr'><strong>ds</strong></span> <span class='ocrx_word' id='word_1_185' title='bbox 787 2447 852 2511; x_wconf 82' lang='lat' dir='ltr'><strong>qua</strong></span> <span class='ocrx_word' id='word_1_186' title='bbox 867 2448 965 2514; x_wconf 77' lang='lat' dir='ltr'><strong>supra</strong></span> <span class='ocrx_word' id='word_1_187' title='bbox 987 2427 1107 2495; x_wconf 85' lang='lat' dir='ltr'><strong>dietum</strong></span> <span class='ocrx_word' id='word_1_188' title='bbox 1128 2432 1178 2492; x_wconf 85' lang='lat' dir='ltr'><strong>ost</strong></span> <span class='ocrx_word' id='word_1_189' title='bbox 1191 2426 1230 2513; x_wconf 85' lang='lat' dir='ltr'><strong>(I,</strong></span> <span class='ocrx_word' id='word_1_190' title='bbox 1245 2427 1284 2514; x_wconf 87' lang='lat'><strong>1),</strong></span> 
     </span>
     <span class='ocr_line' id='line_1_22' title="bbox 160 2525 1284 2615; baseline -0.002 -18"><span class='ocrx_word' id='word_1_191' title='bbox 160 2525 211 2599; x_wconf 84' lang='lat' dir='ltr'><strong>irie</strong></span> <span class='ocrx_word' id='word_1_192' title='bbox 232 2551 359 2615; x_wconf 87' lang='lat' dir='ltr'><strong>quoque</strong></span> <span class='ocrx_word' id='word_1_193' title='bbox 380 2534 485 2599; x_wconf 84' lang='lat' dir='ltr'><strong>loeum</strong></span> <span class='ocrx_word' id='word_1_194' title='bbox 516 2531 635 2599; x_wconf 83' lang='lat' dir='ltr'><strong>hebere</strong></span> <span class='ocrx_word' id='word_1_195' title='bbox 664 2537 779 2615; x_wconf 89' lang='lat' dir='ltr'><strong>potest.</strong></span> <span class='ocrx_word' id='word_1_196' title='bbox 802 2530 945 2597; x_wconf 81' lang='lat' dir='ltr'><strong>Termini</strong></span> <span class='ocrx_word' id='word_1_197' title='bbox 972 2529 1060 2595; x_wconf 84' lang='lat' dir='ltr'><strong>notio</strong></span> <span class='ocrx_word' id='word_1_198' title='bbox 1083 2550 1177 2614; x_wconf 86' lang='lat' dir='ltr'><strong>porro</strong></span> <span class='ocrx_word' id='word_1_199' title='bbox 1199 2530 1284 2597; x_wconf 87' lang='lat' dir='ltr'><strong>iuest</strong></span> 
     </span>
     <span class='ocr_line' id='line_1_23' title="bbox 159 2631 1284 2716; baseline 0 -18"><span class='ocrx_word' id='word_1_200' title='bbox 159 2635 193 2698; x_wconf 89' lang='lat' dir='ltr'><strong>in</strong></span> <span class='ocrx_word' id='word_1_201' title='bbox 216 2634 480 2716; x_wconf 66' lang='lat' dir='ltr'><strong>uxxxxnue</strong></span> <span class='ocrx_word' id='word_1_202' title='bbox 504 2632 614 2714; x_wconf 84' lang='lat' dir='ltr'><strong>Usque</strong></span> <span class='ocrx_word' id='word_1_203' title='bbox 644 2632 689 2697; x_wconf 84' lang='lat' dir='ltr'><strong>ad</strong></span> <span class='ocrx_word' id='word_1_204' title='bbox 718 2632 809 2698; x_wconf 81' lang='lat' dir='ltr'><strong>milia</strong></span> <span class='ocrx_word' id='word_1_205' title='bbox 829 2631 955 2698; x_wconf 76' lang='lat' dir='ltr'><strong>basiem</strong></span> <span class='ocrx_word' id='word_1_206' title='bbox 985 2638 1136 2699; x_wconf 82' lang='lat' dir='ltr'><strong>treesute.</strong></span> <span class='ocrx_word' id='word_1_207' title='bbox 1179 2633 1284 2699; x_wconf 83' lang='lat' dir='ltr'><strong>Paulo</strong></span> 
     </span>
     <span class='ocr_line' id='line_1_24' title="bbox 160 2732 1284 2818; baseline 0.001 -18"><span class='ocrx_word' id='word_1_208' title='bbox 160 2735 254 2801; x_wconf 80' lang='lat' dir='ltr'><strong>aliter</strong></span> <span class='ocrx_word' id='word_1_209' title='bbox 276 2753 329 2800; x_wconf 91' lang='lat' dir='ltr'><strong>res</strong></span> <span class='ocrx_word' id='word_1_210' title='bbox 350 2753 386 2800; x_wconf 88' lang='lat' dir='ltr'><strong>se</strong></span> <span class='ocrx_word' id='word_1_211' title='bbox 407 2733 541 2800; x_wconf 81' lang='lat' dir='ltr'><strong>heberet</strong></span> <span class='ocrx_word' id='word_1_212' title='bbox 563 2734 669 2816; x_wconf 86' lang='lat' dir='ltr'>XXII,</span> <span class='ocrx_word' id='word_1_213' title='bbox 689 2738 708 2797; x_wconf 82' lang='lat'>4</span> <span class='ocrx_word' id='word_1_214' title='bbox 731 2734 759 2799; x_wconf 91' lang='lat' dir='ltr'><strong>si</strong></span> <span class='ocrx_word' id='word_1_215' title='bbox 781 2734 816 2800; x_wconf 92' lang='lat' dir='ltr'><strong>iu</strong></span> <span class='ocrx_word' id='word_1_216' title='bbox 838 2732 945 2800; x_wconf 87' lang='lat' dir='ltr'><strong>verbis</strong></span> <span class='ocrx_word' id='word_1_217' title='bbox 964 2733 1074 2818; x_wconf 81' lang='lat' dir='ltr'><strong>„milia</strong></span> <span class='ocrx_word' id='word_1_218' title='bbox 1094 2740 1152 2801; x_wconf 81' lang='lat' dir='ltr'><strong>eut</strong></span> <span class='ocrx_word' id='word_1_219' title='bbox 1172 2734 1284 2803; x_wconf 86' lang='lat' dir='ltr'><strong>deoem</strong></span> 
     </span>
     <span class='ocr_line' id='line_1_25' title="bbox 160 2836 1284 2922; baseline 0.004 -21"><span class='ocrx_word' id='word_1_220' title='bbox 160 2843 216 2902; x_wconf 85' lang='lat' dir='ltr'><strong>aut</strong></span> <span class='ocrx_word' id='word_1_221' title='bbox 238 2836 334 2922; x_wconf 80' lang='lat' dir='ltr'><strong>plum</strong></span> <span class='ocrx_word' id='word_1_222' title='bbox 353 2837 550 2921; x_wconf 83' lang='lat' dir='ltr'><strong>persoripta“</strong></span> <span class='ocrx_word' id='word_1_223' title='bbox 570 2842 655 2902; x_wconf 88' lang='lat' dir='ltr'><strong>reete</strong></span> <span class='ocrx_word' id='word_1_224' title='bbox 669 2842 828 2904; x_wconf 70' lang='lat' dir='ltr'><strong>addacem</strong></span> <span class='ocrx_word' id='word_1_225' title='bbox 842 2857 900 2921; x_wconf 88' lang='lat' dir='ltr'><strong>pro</strong></span> <span class='ocrx_word' id='word_1_226' title='bbox 915 2847 972 2903; x_wconf 81' lang='lat' dir='ltr'><strong>aot</strong></span> <span class='ocrx_word' id='word_1_227' title='bbox 984 2843 1089 2906; x_wconf 78' lang='lat' dir='ltr'><strong>docem</strong></span> <span class='ocrx_word' id='word_1_228' title='bbox 1102 2837 1284 2922; x_wconf 77' lang='lat' dir='ltr'><strong>sumpsisset</strong></span> 
     </span>
     <span class='ocr_line' id='line_1_26' title="bbox 161 2938 1283 3023; baseline 0.003 -19"><span class='ocrx_word' id='word_1_229' title='bbox 161 2939 390 3023; x_wconf 79' lang='lat' dir='ltr'><strong>Baehrensius3</strong></span> <span class='ocrx_word' id='word_1_230' title='bbox 429 2938 486 3006; x_wconf 90' lang='lat' dir='ltr'><strong>sed</strong></span> <span class='ocrx_word' id='word_1_231' title='bbox 516 2958 575 3005; x_wconf 91' lang='lat' dir='ltr'><strong>nos</strong></span> <span class='ocrx_word' id='word_1_232' title='bbox 606 2940 752 3006; x_wconf 86' lang='lat' dir='ltr'><strong>eodieum</strong></span> <span class='ocrx_word' id='word_1_233' title='bbox 783 2939 952 3006; x_wconf 88' lang='lat' dir='ltr'><strong>leotiouem</strong></span> <span class='ocrx_word' id='word_1_234' title='bbox 988 2939 1182 3007; x_wconf 80' lang='lat' dir='ltr'><strong>servendum</strong></span> <span class='ocrx_word' id='word_1_235' title='bbox 1211 2958 1283 3007; x_wconf 76' lang='lat' dir='ltr'><strong>esse</strong></span> 
     </span>
     <span class='ocr_line' id='line_1_27' title="bbox 159 3047 320 3127; baseline 0 -19"><span class='ocrx_word' id='word_1_236' title='bbox 159 3047 320 3127; x_wconf 80' lang='lat' dir='ltr'><strong>putamus.</strong></span> 
     </span>
    </p>

    <p class='ocr_par' dir='ltr' id='par_1_6' title="bbox 245 3143 1003 3227">
     <span class='ocr_line' id='line_1_28' title="bbox 245 3143 1003 3227; baseline 0.001 -18"><span class='ocrx_word' id='word_1_237' title='bbox 245 3149 275 3212; x_wconf 87' lang='lat'><strong>3.</strong></span> <span class='ocrx_word' id='word_1_238' title='bbox 306 3145 357 3211; x_wconf 88' lang='lat' dir='ltr'><strong>De</strong></span> <span class='ocrx_word' id='word_1_239' title='bbox 377 3163 412 3212; x_wconf 81' lang='lat' dir='ltr'><strong>m</strong></span> <span class='ocrx_word' id='word_1_240' title='bbox 434 3144 606 3227; x_wconf 79' lang='lat' dir='ltr'><strong>dirigende</strong></span> <span class='ocrx_word' id='word_1_241' title='bbox 627 3163 739 3211; x_wconf 83' lang='lat' dir='ltr'><strong>versus</strong></span> <span class='ocrx_word' id='word_1_242' title='bbox 761 3143 904 3227; x_wconf 74' lang='lat' dir='ltr'><strong>aliquem</strong></span> <span class='ocrx_word' id='word_1_243' title='bbox 927 3163 1003 3210; x_wconf 82' lang='lat' dir='ltr'><strong>mm.</strong></span> 
     </span>
    </p>

    <p class='ocr_par' dir='ltr' id='par_1_7' title="bbox 159 3246 1286 4150">
     <span class='ocr_line' id='line_1_29' title="bbox 246 3246 1284 3331; baseline 0.003 -19"><span class='ocrx_word' id='word_1_244' title='bbox 246 3247 300 3330; x_wconf 95' lang='lat' dir='ltr'><strong>Vl,</strong></span> <span class='ocrx_word' id='word_1_245' title='bbox 314 3251 352 3311; x_wconf 85' lang='grc'><strong>17</strong></span> <span class='ocrx_word' id='word_1_246' title='bbox 365 3247 409 3312; x_wconf 82' lang='lat' dir='ltr'><strong>ud</strong></span> <span class='ocrx_word' id='word_1_247' title='bbox 420 3247 545 3312; x_wconf 81' lang='lat' dir='ltr'><strong>eaelum</strong></span> <span class='ocrx_word' id='word_1_248' title='bbox 558 3266 684 3314; x_wconf 80' lang='lat' dir='ltr'><strong>voosre.</strong></span> <span class='ocrx_word' id='word_1_249' title='bbox 707 3246 803 3331; x_wconf 84' lang='lat' dir='ltr'><strong>Apud</strong></span> <span class='ocrx_word' id='word_1_250' title='bbox 812 3246 979 3330; x_wconf 81' lang='lat' dir='ltr'><strong>Virgilium</strong></span> <span class='ocrx_word' id='word_1_251' title='bbox 992 3247 1130 3330; x_wconf 79' lang='lat' dir='ltr'><strong>legimus</strong></span> <span class='ocrx_word' id='word_1_252' title='bbox 1139 3246 1201 3331; x_wconf 84' lang='lat' dir='ltr'><strong>,ad</strong></span> <span class='ocrx_word' id='word_1_253' title='bbox 1213 3254 1284 3316; x_wconf 77' lang='lat' dir='ltr'><strong>eae-</strong></span> 
     </span>
     <span class='ocr_line' id='line_1_30' title="bbox 159 3348 1285 3434; baseline 0.003 -19"><span class='ocrx_word' id='word_1_254' title='bbox 159 3350 226 3416; x_wconf 91' lang='lat' dir='ltr'><strong>lum</strong></span> <span class='ocrx_word' id='word_1_255' title='bbox 241 3349 374 3415; x_wconf 82' lang='lat' dir='ltr'><strong>voeare“</strong></span> <span class='ocrx_word' id='word_1_256' title='bbox 395 3356 428 3416; x_wconf 91' lang='lat' dir='ltr'><strong>et</strong></span> <span class='ocrx_word' id='word_1_257' title='bbox 442 3349 519 3416; x_wconf 80' lang='lat' dir='ltr'><strong>Aen.</strong></span> <span class='ocrx_word' id='word_1_258' title='bbox 536 3349 572 3433; x_wconf 91' lang='lat' dir='ltr'><strong>V,</strong></span> <span class='ocrx_word' id='word_1_259' title='bbox 587 3354 646 3413; x_wconf 83' lang='lat'><strong>451</strong></span> <span class='ocrx_word' id='word_1_260' title='bbox 672 3348 716 3434; x_wconf 91' lang='lat' dir='ltr'><strong>„it</strong></span> <span class='ocrx_word' id='word_1_261' title='bbox 732 3350 852 3415; x_wconf 79' lang='lat' dir='ltr'><strong>elamor</strong></span> <span class='ocrx_word' id='word_1_262' title='bbox 866 3349 981 3416; x_wconf 88' lang='lat' dir='ltr'><strong>eoeIo“.</strong></span> <span class='ocrx_word' id='word_1_263' title='bbox 1017 3348 1083 3432; x_wconf 87' lang='lat' dir='ltr'><strong>(De</strong></span> <span class='ocrx_word' id='word_1_264' title='bbox 1098 3348 1158 3414; x_wconf 89' lang='lat' dir='ltr'><strong>hoo</strong></span> <span class='ocrx_word' id='word_1_265' title='bbox 1172 3349 1285 3418; x_wconf 78' lang='lat' dir='ltr'><strong>dativo</strong></span> 
     </span>
     <span class='ocr_line' id='line_1_31' title="bbox 159 3450 1285 3539; baseline 0.001 -19"><span class='ocrx_word' id='word_1_266' title='bbox 159 3451 234 3520; x_wconf 76' lang='lat' dir='ltr'><strong>vide</strong></span> <span class='ocrx_word' id='word_1_267' title='bbox 255 3452 366 3521; x_wconf 77' lang='lat' dir='ltr'><strong>Haase</strong></span> <span class='ocrx_word' id='word_1_268' title='bbox 380 3452 412 3517; x_wconf 94' lang='lat' dir='ltr'><strong>II</strong></span> <span class='ocrx_word' id='word_1_269' title='bbox 435 3473 465 3537; x_wconf 88' lang='lat' dir='ltr'><strong>p.</strong></span> <span class='ocrx_word' id='word_1_270' title='bbox 483 3451 567 3537; x_wconf 90' lang='grc'><strong>128).</strong></span> <span class='ocrx_word' id='word_1_271' title='bbox 611 3453 670 3534; x_wconf 89' lang='grc' dir='ltr'><strong>ΙΙΙ,</strong></span> <span class='ocrx_word' id='word_1_272' title='bbox 688 3455 725 3517; x_wconf 86' lang='lat'><strong>10</strong></span> <span class='ocrx_word' id='word_1_273' title='bbox 748 3451 792 3518; x_wconf 84' lang='lat' dir='ltr'><strong>ed</strong></span> <span class='ocrx_word' id='word_1_274' title='bbox 814 3451 979 3521; x_wconf 82' lang='lat' dir='ltr'><strong>domiuum</strong></span> <span class='ocrx_word' id='word_1_275' title='bbox 1000 3450 1183 3539; x_wconf 81' lang='lat' dir='ltr'><strong>pipiebot1)</strong></span> <span class='ocrx_word' id='word_1_276' title='bbox 1198 3454 1285 3538; x_wconf 88' lang='lat' dir='ltr'>LXI,</span> 
     </span>
     <span class='ocr_line' id='line_1_32' title="bbox 161 3553 1284 3638; baseline 0.004 -20"><span class='ocrx_word' id='word_1_277' title='bbox 161 3557 230 3619; x_wconf 79' lang='grc'><strong>212</strong></span> <span class='ocrx_word' id='word_1_278' title='bbox 245 3553 338 3621; x_wconf 78' lang='lat' dir='ltr'><strong>dulus</strong></span> <span class='ocrx_word' id='word_1_279' title='bbox 359 3554 464 3621; x_wconf 71' lang='lat' dir='ltr'><strong>rideat</strong></span> <span class='ocrx_word' id='word_1_280' title='bbox 486 3553 530 3620; x_wconf 82' lang='lat' dir='ltr'><strong>od</strong></span> <span class='ocrx_word' id='word_1_281' title='bbox 557 3560 690 3638; x_wconf 80' lang='lat' dir='ltr'><strong>putrem.</strong></span> <span class='ocrx_word' id='word_1_282' title='bbox 739 3554 872 3637; x_wconf 81' lang='lat' dir='ltr'>LXVII,</span> <span class='ocrx_word' id='word_1_283' title='bbox 888 3557 927 3617; x_wconf 86' lang='grc'><strong>14</strong></span> <span class='ocrx_word' id='word_1_284' title='bbox 949 3554 993 3618; x_wconf 82' lang='lat' dir='ltr'><strong>ud</strong></span> <span class='ocrx_word' id='word_1_285' title='bbox 1015 3574 1066 3620; x_wconf 89' lang='lat' dir='ltr'><strong>me</strong></span> <span class='ocrx_word' id='word_1_286' title='bbox 1088 3575 1200 3621; x_wconf 91' lang='lat' dir='ltr'><strong>omnes</strong></span> <span class='ocrx_word' id='word_1_287' title='bbox 1221 3557 1284 3623; x_wconf 77' lang='lat' dir='ltr'><strong>elo·</strong></span> 
     </span>
     <span class='ocr_line' id='line_1_33' title="bbox 160 3655 1285 3744; baseline 0.004 -22"><span class='ocrx_word' id='word_1_288' title='bbox 160 3663 258 3724; x_wconf 80' lang='lat' dir='ltr'><strong>ment</strong></span> <span class='ocrx_word' id='word_1_289' title='bbox 301 3655 421 3740; x_wconf 89' lang='lat' dir='ltr'>XXVI,</span> <span class='ocrx_word' id='word_1_290' title='bbox 442 3660 457 3719; x_wconf 89' lang='lat'>1</span> <span class='ocrx_word' id='word_1_291' title='bbox 482 3674 545 3721; x_wconf 90' lang='lat' dir='ltr'><strong>uon</strong></span> <span class='ocrx_word' id='word_1_292' title='bbox 568 3656 611 3722; x_wconf 81' lang='lat' dir='ltr'><strong>ad</strong></span> <span class='ocrx_word' id='word_1_293' title='bbox 634 3656 743 3722; x_wconf 83' lang='lat' dir='ltr'><strong>Austri</strong></span> <span class='ocrx_word' id='word_1_294' title='bbox 770 3656 867 3723; x_wconf 79' lang='lat' dir='ltr'><strong>flatus</strong></span> <span class='ocrx_word' id='word_1_295' title='bbox 889 3655 947 3739; x_wconf 82' lang='lat' dir='ltr'><strong>(ed</strong></span> <span class='ocrx_word' id='word_1_296' title='bbox 969 3656 1121 3738; x_wconf 81' lang='lat' dir='ltr'><strong>Varouei,</strong></span> <span class='ocrx_word' id='word_1_297' title='bbox 1152 3660 1285 3744; x_wconf 71' lang='lat' dir='ltr'><strong>Boreae,</strong></span> 
     </span>
     <span class='ocr_line' id='line_1_34' title="bbox 160 3757 1286 3845; baseline 0.003 -21"><span class='ocrx_word' id='word_1_298' title='bbox 160 3759 343 3844; x_wconf 83' lang='lat' dir='ltr'><strong>Apeliotee)</strong></span> <span class='ocrx_word' id='word_1_299' title='bbox 365 3759 515 3843; x_wconf 82' lang='lat' dir='ltr'><strong>opposite</strong></span> <span class='ocrx_word' id='word_1_300' title='bbox 539 3764 593 3825; x_wconf 87' lang='lat' dir='ltr'><strong>est</strong></span> <span class='ocrx_word' id='word_1_301' title='bbox 615 3759 729 3825; x_wconf 82' lang='lat' dir='ltr'><strong>villule</strong></span> <span class='ocrx_word' id='word_1_302' title='bbox 750 3759 771 3826; x_wconf 90' lang='lat' dir='ltr'><strong>i.</strong></span> <span class='ocrx_word' id='word_1_303' title='bbox 786 3779 812 3826; x_wconf 87' lang='lat' dir='ltr'><strong>e.</strong></span> <span class='ocrx_word' id='word_1_304' title='bbox 834 3759 876 3829; x_wconf 54' lang='lat' dir='ltr'><strong>iu.</strong></span> <span class='ocrx_word' id='word_1_305' title='bbox 896 3757 1028 3843; x_wconf 81' lang='lat' dir='ltr'><strong>regione</strong></span> <span class='ocrx_word' id='word_1_306' title='bbox 1056 3758 1114 3824; x_wconf 84' lang='lat' dir='ltr'><strong>teli</strong></span> <span class='ocrx_word' id='word_1_307' title='bbox 1136 3760 1203 3826; x_wconf 77' lang='lat' dir='ltr'><strong>sito</strong></span> <span class='ocrx_word' id='word_1_308' title='bbox 1228 3768 1286 3845; x_wconf 83' lang='lat' dir='ltr'><strong>est,</strong></span> 
     </span>
     <span class='ocr_line' id='line_1_35' title="bbox 163 3860 1284 3946; baseline 0.004 -21"><span class='ocrx_word' id='word_1_309' title='bbox 163 3865 197 3925; x_wconf 86' lang='lat' dir='ltr'><strong>ut</strong></span> <span class='ocrx_word' id='word_1_310' title='bbox 217 3866 384 3929; x_wconf 85' lang='lat' dir='ltr'><strong>ventorum</strong></span> <span class='ocrx_word' id='word_1_311' title='bbox 406 3860 486 3928; x_wconf 83' lang='lat' dir='ltr'><strong>flatu</strong></span> <span class='ocrx_word' id='word_1_312' title='bbox 501 3863 636 3929; x_wconf 87' lang='lat' dir='ltr'><strong>molesto</strong></span> <span class='ocrx_word' id='word_1_313' title='bbox 659 3861 750 3944; x_wconf 71' lang='lat' dir='ltr'><strong>ungi</strong></span> <span class='ocrx_word' id='word_1_314' title='bbox 772 3881 836 3928; x_wconf 88' lang='lat' dir='ltr'><strong>nou</strong></span> <span class='ocrx_word' id='word_1_315' title='bbox 858 3862 969 3946; x_wconf 82' lang='lat' dir='ltr'><strong>possit,</strong></span> <span class='ocrx_word' id='word_1_316' title='bbox 991 3861 1030 3930; x_wconf 80' lang='lat' dir='ltr'><strong>ot</strong></span> <span class='ocrx_word' id='word_1_317' title='bbox 1044 3861 1150 3929; x_wconf 77' lang='lat' dir='ltr'><strong>Haud.</strong></span> <span class='ocrx_word' id='word_1_318' title='bbox 1165 3863 1284 3930; x_wconf 80' lang='lat' dir='ltr'><strong>TursI</strong></span> 
     </span>
     <span class='ocr_line' id='line_1_36' title="bbox 161 3961 1286 4049; baseline 0.006 -24"><span class='ocrx_word' id='word_1_319' title='bbox 161 3961 247 4047; x_wconf 69' lang='lat' dir='ltr'><strong>pili}</strong></span> <span class='ocrx_word' id='word_1_320' title='bbox 277 3963 462 4047; x_wconf 78' lang='lat' dir='ltr'><strong>Dmoger.l</strong></span> <span class='ocrx_word' id='word_1_321' title='bbox 491 3985 522 4049; x_wconf 92' lang='lat' dir='ltr'><strong>p.</strong></span> <span class='ocrx_word' id='word_1_322' title='bbox 546 3967 619 4032; x_wconf 81' lang='grc'><strong>576.</strong></span> <span class='ocrx_word' id='word_1_323' title='bbox 671 3964 753 4030; x_wconf 90' lang='lat' dir='ltr'><strong>Item</strong></span> <span class='ocrx_word' id='word_1_324' title='bbox 783 3962 908 4045; x_wconf 86' lang='lat' dir='ltr'>XXVI,</span> <span class='ocrx_word' id='word_1_325' title='bbox 931 3969 953 4028; x_wconf 87' lang='grc'><strong>4</strong></span> <span class='ocrx_word' id='word_1_326' title='bbox 980 3984 1093 4032; x_wconf 87' lang='lat' dir='ltr'><strong>verum</strong></span> <span class='ocrx_word' id='word_1_327' title='bbox 1120 3964 1165 4032; x_wconf 85' lang='lat' dir='ltr'><strong>ed</strong></span> <span class='ocrx_word' id='word_1_328' title='bbox 1191 3963 1286 4032; x_wconf 78' lang='lat' dir='ltr'><strong>milis·</strong></span> 
     </span>
     <span class='ocr_line' id='line_1_37' title="bbox 161 4062 1284 4150; baseline 0.004 -20"><span class='ocrx_word' id='word_1_329' title='bbox 161 4062 344 4147; x_wconf 85' lang='lat' dir='ltr'><strong>quindeoim</strong></span> <span class='ocrx_word' id='word_1_330' title='bbox 374 4072 407 4132; x_wconf 87' lang='lat' dir='ltr'><strong>et</strong></span> <span class='ocrx_word' id='word_1_331' title='bbox 433 4065 599 4135; x_wconf 76' lang='lat' dir='ltr'><strong>ducentos.</strong></span> <span class='ocrx_word' id='word_1_332' title='bbox 625 4102 668 4115; x_wconf 92' lang='lat'>-</span> <span class='ocrx_word' id='word_1_333' title='bbox 697 4065 817 4146; x_wconf 81' lang='lat' dir='ltr'>LXIII</span> <span class='ocrx_word' id='word_1_334' title='bbox 832 4068 873 4131; x_wconf 81' lang='lat'><strong>56</strong></span> <span class='ocrx_word' id='word_1_335' title='bbox 903 4064 1002 4150; x_wconf 79' lang='lat' dir='ltr'><strong>Cupit</strong></span> <span class='ocrx_word' id='word_1_336' title='bbox 1030 4065 1153 4150; x_wconf 75' lang='lat' dir='ltr'><strong>pupula</strong></span> <span class='ocrx_word' id='word_1_337' title='bbox 1180 4067 1229 4134; x_wconf 80' lang='lat' dir='ltr'><strong>ed-</strong></span> <span class='ocrx_word' id='word_1_338' title='bbox 1252 4073 1284 4135; x_wconf 83' lang='lat' dir='ltr'><strong>te</strong></span> 
     </span>
    </p>
   </div>
   <div class='ocr_carea' id='block_1_4' title="bbox 253 4283 1159 4356">
    <p class='ocr_par' dir='ltr' id='par_1_8' title="bbox 253 4283 1159 4356">
     <span class='ocr_line' id='line_1_38' title="bbox 253 4283 1159 4356; baseline 0.001 -16"><span class='ocrx_word' id='word_1_339' title='bbox 253 4287 278 4353; x_wconf 87' lang='lat'><strong>¹)</strong></span> <span class='ocrx_word' id='word_1_340' title='bbox 292 4285 338 4341; x_wconf 86' lang='lat' dir='ltr'><strong>De</strong></span> <span class='ocrx_word' id='word_1_341' title='bbox 356 4283 410 4342; x_wconf 85' lang='lat' dir='ltr'><strong>boe</strong></span> <span class='ocrx_word' id='word_1_342' title='bbox 426 4286 554 4355; x_wconf 79' lang='lat' dir='ltr'><strong>exemplo</strong></span> <span class='ocrx_word' id='word_1_343' title='bbox 571 4285 606 4342; x_wconf 82' lang='lat' dir='ltr'><strong>os.</strong></span> <span class='ocrx_word' id='word_1_344' title='bbox 624 4285 709 4356; x_wconf 90' lang='lat' dir='ltr'><strong>Hupii</strong></span> <span class='ocrx_word' id='word_1_345' title='bbox 729 4285 840 4344; x_wconf 75' lang='lat' dir='ltr'><strong>ditsert</strong></span> <span class='ocrx_word' id='word_1_346' title='bbox 858 4286 978 4342; x_wconf 62' lang='lat' dir='ltr'><strong>Mnest-</strong></span> <span class='ocrx_word' id='word_1_347' title='bbox 998 4289 1060 4342; x_wconf 78' lang='grc'><strong>1871</strong></span> <span class='ocrx_word' id='word_1_348' title='bbox 1079 4301 1106 4355; x_wconf 87' lang='lat' dir='ltr'><strong>p.</strong></span> <span class='ocrx_word' id='word_1_349' title='bbox 1119 4288 1159 4341; x_wconf 83' lang='grc'><strong>36.</strong></span> 
     </span>
    </p>
   </div>
   <div class='ocr_carea' id='block_1_5' title="bbox 0 0 1421 4762">
    <p class='ocr_par' dir='ltr' id='par_1_9' title="bbox 0 0 1421 4762">
     <span class='ocr_line' id='line_1_39' title="bbox 0 0 1421 4762; baseline 0 0"><span class='ocrx_word' id='word_1_350' title='bbox 0 0 1421 4762; x_wconf 95' lang='lat' dir='ltr'><strong> </strong></span> 
     </span>
    </p>
   </div>
  </div>
 </body>
</html>
