2828 4762
1252 319 1292 380 53

173 486 288 569 legitur
318 486 354 565 V,
377 489 439 550 914
473 493 579 568 „trans
609 486 713 550 maria
745 486 812 551 alta
841 486 957 570 pedum
988 487 1077 561 nisus
1108 492 1142 551 ut
1174 506 1293 570 ponere

171 591 303 674 posset“.
1111 639 1113 643 .

107 778 110 783 Ι
258 692 362 757 Ultra
384 691 468 774 quod
491 692 579 777 apud
603 692 764 758 Catullum
787 691 973 757 adverbium
996 697 1055 776 est,
1077 691 1163 777 apud
1178 693 1292 758 Lucre

170 793 248 857 tium
277 794 525 878 praepositionis
555 794 587 859 vi
624 793 739 878 legitur
774 795 851 877 IIII,
874 797 935 858 269
964 794 1066 878 „ultre
1104 793 1293 878 speculum.“

171 896 220 960 lle
243 896 311 960 loco
335 895 453 960 dictum
476 904 542 981 est;
565 895 751 961 adverbium
774 899 937 979 est1,soo
960 895 1021 961 nisi
1044 897 1128 960 ultra
1151 896 1292 979 sitquod

171 997 269 1065 liniat.
313 998 459 1064 Catullus
480 988 601 1083 ,61116α
625 997 841 1082 metaphorice
864 1003 1006 1084 usurpat.

256 1100 306 1168 (lb
323 1101 483 1186 particula
498 1123 518 1168 a
532 1101 658 1167 Catullo
674 1121 831 1184 nusquam
848 1108 1002 1185 usurpate
1017 1100 1124 1166 decies
1139 1107 1188 1166 est
1202 1100 1291 1187 apud

171 1203 354 1268 Lucretium
385 1223 455 1269 cum
486 1203 721 1289 significatione
754 1205 888 1269 causali.
940 1203 1025 1287 „Ob‘
1053 1203 1290 1289 praepositione
1407 1250 1411 1261 -

169 1306 356 1389 plerumque
378 1307 418 1373 de
441 1314 527 1372 motu
550 1308 583 1372 in
605 1306 675 1372 loeo
698 1307 808 1390 aliquo
831 1307 928 1391 prisci
951 1307 1122 1391 scriptores
1146 1313 1290 1390 utuntur3

169 1407 209 1473 de
231 1409 337 1492 quiete
358 1410 392 1474 in
413 1410 483 1475 loco
507 1411 617 1492 aliquo
640 1410 726 1475 dicta
749 1410 837 1494 apud
861 1410 1045 1476 Ciceronem
1068 1409 1236 1476 invenitur.

254 1511 358 1577 Intra
374 1511 460 1596 apud
478 1511 640 1576 Catullum
664 1512 770 1595 semel,
793 1512 843 1603 bis
865 1512 953 1597 apud
970 1512 1151 1579 Lucretium
1166 1511 1291 1596 legitur.

168 1611 210 1690 ΙΙ,
230 1615 318 1678 1118.
339 1613 416 1695 IIII,
431 1616 490 1676 611
516 1612 576 1679 hoe
598 1621 703 1679 autem
726 1614 796 1679 loco
819 1633 860 1680 ex
875 1613 1074 1679 Lachmanni
1098 1613 1289 1697 conjectura.

168 1713 312 1779 Eandem
341 1715 439 1780 hebet
467 1716 630 1782 notionem
660 1716 796 1783 localem
829 1716 915 1801 apud
945 1716 1098 1798 Ennium,
1131 1716 1289 1800 Plautum,

168 1816 358 1899 Lucretium,
381 1818 553 1884 Catullum.

251 1917 366 1987 Inter.
412 1920 497 1986 Usus
525 1922 773 2007 praepositionis
799 1922 916 2005 ,16161α
942 1920 1038 1987 valde
1067 1920 1217 2004 frequens
1238 1927 1288 1986 est

168 2021 257 2106 apud
286 2023 476 2089 Lucretium.
531 2024 579 2089 Ex
607 2024 725 2089 Holtnii
755 2023 977 2089 distributione
1007 2045 1037 2108 p.
1059 2027 1098 2086 75
1121 2043 1167 2106 sq.
1197 2043 1289 2109 prae

167 2123 283 2207 positio
307 2124 342 2211 a)
364 2126 493 2210 ponitur
515 2126 554 2192 de
576 2128 646 2191 loco
669 2133 701 2192 61
723 2126 763 2192 de
786 2126 968 2192 bominibus
983 2127 1035 2191 vel
1058 2126 1153 2192 rebus
1174 2126 1208 2191 in
1230 2125 1286 2191 ali-

167 2245 230 2309 quo
252 2227 322 2292 loco
345 2228 547 2295 versantibus
576 2228 608 2313 b)
632 2228 672 2295 de
694 2228 832 2295 diversis
854 2228 947 2294 rebus
970 2234 1002 2294 et
1028 2228 1069 2294 de
1094 2227 1287 2314 discrimine,

134 2318 142 2360 ί
167 2328 252 2409 quod
274 2330 357 2396 inter
372 2331 455 2396 duas
469 2351 521 2397 res
537 2331 685 2416 pluresve
701 2331 876 2397 intercedit
913 2332 943 2417 c)
959 2330 1156 2415 Saepissime
1171 2330 1287 2397 dicitur

165 2431 265 2511 „inter
287 2436 338 2499 se“
354 2433 394 2500 de
416 2434 542 2500 actione
558 2441 676 2500 mutua.
721 2433 755 2508 dl
779 2433 961 2519 Apponitur
978 2431 1159 2499 nominibus
1180 2453 1285 2499 rerum

166 2532 365 2619 intempore
394 2535 561 2603 factarum.
605 2537 680 2602 Jam
709 2537 886 2621 priscorum
915 2542 1021 2602 aetate
1050 2534 1162 2603 eodem
1191 2535 1286 2602 modo

166 2645 339 2719 usurpatur·
368 2645 400 2704 et
429 2639 470 2703 de
497 2639 566 2705 loeo
595 2638 716 2703 dietum
747 2660 805 2722 pro
835 2640 868 2702 in
897 2659 922 2704 6.
953 2638 1015 2704 abl
1046 2638 1185 2723 positum
1214 2658 1286 2705 esse

167 2737 300 2805 videtur.
344 2741 522 2808 AOatullo
551 2741 592 2807 de
620 2741 690 2806 loco
720 2747 845 2807 tantum
877 2741 971 2808 etde
993 2748 1100 2807 mutuo
1123 2740 1285 2807 hominurn

166 2841 323 2907 consortio
346 2850 377 2909 et
399 2843 618 2911 familiaritate
640 2844 765 2910 dicitur.
870 2870 872 2873 ·

251 2944 333 3012 Per.
389 2945 587 3030 Saepissime
619 2946 814 3031 praepositio
847 2947 947 3031 „per“
984 2946 1071 3030 apud
1104 2945 1285 3011 Lucretium

164 3046 333 3115 iuvenitur.
376 3048 476 3113 Multo
499 3049 601 3133 magis
623 3049 733 3115 varius
755 3055 804 3114 est
827 3069 903 3114 usus
925 3048 1173 3134 praepositionis
1188 3068 1284 3133 quam

165 3148 253 3233 apud
276 3149 452 3234 Catullum,
482 3151 640 3236 imprimis
670 3150 755 3235 quod
784 3151 827 3216 ad
857 3150 1121 3234 significationem
1150 3151 1285 3217 localem

166 3251 293 3318 attinet.
334 3253 418 3317 Nam
441 3273 505 3317 non
520 3254 615 3319 modo
631 3253 742 3319 devia
763 3260 795 3319 et
817 3253 942 3319 deloco
957 3251 1154 3338 permeando
1169 3253 1285 3318 dicitur

166 3352 223 3418 sed
246 3353 344 3418 etiam
368 3353 408 3419 de
428 3355 523 3420 rebus
537 3355 569 3420 in
585 3356 655 3421 loco
671 3356 780 3438 aliquo
795 3355 960 3440 dissipatis
974 3354 1214 3437 distributisque
1229 3353 1286 3442 (II,

166 3459 216 3519 24.
245 3456 306 3539 ΙΙΙ,
324 3459 392 3521 143.
419 3456 495 3539 IIII,
519 3458 596 3541 415)
626 3458 667 3524 de
694 3458 789 3523 rebus
818 3476 875 3542 per
904 3477 985 3540 quas
1015 3457 1131 3522 transit
1161 3457 1285 3541 aliquid

165 3559 223 3643 (Il,
237 3561 318 3623 388.
331 3559 408 3642 IIII,
424 3561 486 3622 272
509 3559 604 3625 Hand
626 3563 717 3625 Ture.
732 3561 801 3626 IIII
823 3581 853 3644 p.
869 3559 944 3645 430)
968 3559 1105 3643 denique
1131 3580 1189 3644 pro
1217 3560 1286 3644 ,‚in“

164 3661 269 3727 locum
299 3659 420 3728 babere
449 3662 576 3728 videtur
605 3663 631 3746 I,
647 3665 695 3727 30.
724 3701 767 3710 —
795 3664 833 3728 In
862 3662 1002 3728 formula
1026 3662 1158 3746 jurandi
1190 3667 1283 3747 „per“

165 3764 250 3848 apud
280 3765 462 3832 Lucretium
492 3784 556 3828 non
584 3764 752 3849 invenitur,
781 3786 852 3831 oum
883 3764 989 3848 ‚,licet“
1020 3764 1222 3848 conjungitur
1250 3770 1286 3829 ut

167 3867 254 3949 apud
269 3866 440 3932 Catullum.
478 3868 527 3933 De
543 3867 636 3933 modo
652 3867 767 3933 dicitur
782 3873 817 3931 ut
832 3887 853 3931 a
869 3867 1013 3934 Catullo:
1027 3868 1065 3952 V,
1082 3871 1130 3933 to.
1153 3867 1207 3951 VI,
1224 3869 1280 3931 181

166 3967 219 4050 VI,
245 3970 316 4031 945.
351 4005 394 4016 -
431 3970 605 4036 Praeterea
640 3970 757 4036 dieitur
793 3970 834 4036 de
871 3990 970 4036 causa
1004 3977 1036 4037 61
1066 3970 1285 4053 instrumento,

164 4069 315 4154 exempla
337 4070 367 4134 H
389 4090 418 4154 p.
435 4075 474 4135 82
498 4093 522 4138 o.
546 4073 682 4156 collegit,
704 4091 800 4155 quern
816 4093 908 4138 usum
931 4072 1019 4157 apud
1036 4071 1198 4137 Catullum
1220 4091 1285 4139 non

163 4171 353 4238 invenimus.
374 4207 418 4221 —
439 4175 616 4260 Lucretius,
638 4196 701 4240 non
716 4176 791 4241 item
808 4175 956 4241 Catullus
971 4174 1032 4240 hae
1046 4173 1284 4259 praepositione

164 4276 205 4341 de
226 4283 370 4360 tempore
393 4275 489 4340 utitur
504 4277 601 4343 etiam
617 4277 705 4363 apud
728 4297 767 4344 ea
782 4277 913 4343 nomina
928 4296 1011 4360 quae
1026 4296 1077 4343 res
1091 4276 1124 4342 in
1140 4284 1284 4362 tempore
