2828 4762
1122 336 1265 400 ·2e

143 504 213 588 ipse
240 504 260 570 i.
281 523 307 570 e.
330 521 473 589 pugnare
503 521 575 566 oum
601 501 656 566 illo
687 499 773 587 (itti),
802 501 852 565 cui
883 506 974 584 pater
996 508 1027 567 te
1057 503 1201 570 tradidit.
1222 542 1266 554 -

143 607 303 690 Exempla
327 605 401 671 vide
423 604 510 688 apud
533 606 732 688 Drangarum
755 605 793 669 H.
817 604 878 668 S.I
901 624 931 687 p.
946 607 1017 671 406.

230 714 257 774 1.
289 708 471 793 Separatim
486 727 698 775 commemoro
713 707 846 790 LXIIH,
863 709 912 773 53.
955 707 1083 789 Thesea
1099 711 1264 782 cedentem

25 839 27 842 ’
145 813 240 879 celeri
262 833 333 877 cum
357 813 460 877 classe
482 817 588 877 tuetur
612 848 655 858 -
676 809 829 877 Ariadna.

231 916 280 982 De
301 913 361 980 hoc
376 935 470 980 versu
493 915 636 999 disputat
651 914 823 980 Baehrens.
846 914 879 978 in
902 913 983 979 libro
1007 936 1065 979 suo
1085 918 1136 982 cui
1151 939 1266 985 nornen

64 1000 67 1004 Δ
145 1023 210 1083 est:
236 1017 410 1096 „Analecta
433 1017 634 1084 Catulliana“
660 1038 690 1102 p.
703 1021 743 1081 50
769 1036 860 1096 „cum
882 1016 987 1083 classe
1002 1019 1092 1104 fugit,
1114 1021 1168 1103 qui
1183 1041 1267 1088 oom-

145 1121 254 1204 plures
277 1120 374 1186 hahet
396 1140 510 1204 naves,
540 1140 676 1202 quarum
699 1120 733 1184 in
764 1140 829 1184 una
856 1121 926 1203 ipse
953 1128 1001 1185 est
1023 1122 1204 1188 collocatus.
1233 1133 1268 1190 at

147 1243 219 1288 oum
248 1223 418 1309 scriptores
448 1231 586 1306 veteres,
614 1229 682 1287 tum
712 1223 870 1306 imagines
894 1223 1109 1308 Pompeianae
1136 1233 1167 1291 et
1189 1227 1267 1293 Her-

147 1327 337 1393 culanenses
351 1346 450 1392 unam
462 1327 682 1393 tantummodo
695 1325 812 1392 Thesei
824 1345 965 1411 puppem
978 1326 1076 1393 luisse
1088 1329 1269 1397 ostendunt.

145 1429 301 1495 rescribas
323 1428 464 1512 id-quod
487 1430 587 1494 etiam
610 1428 827 1494 alliteratione
847 1429 1099 1497 commendatur:
1121 1431 1267 1516 „Thesea

145 1532 311 1599 cedentem
334 1532 431 1598 celeri
454 1543 514 1598 tum
535 1533 640 1597 classe
662 1532 794 1610 tuetur&
833 1551 909 1596 nam
932 1532 1069 1598 classem
1092 1555 1150 1619 pro
1172 1537 1268 1602 unIca

147 1636 223 1699 navi
244 1635 321 1719 poni
344 1639 395 1699 sat
421 1640 555 1700 constat.

233 1735 319 1801 Sane
341 1736 487 1802 Theseus
508 1757 605 1802 unam
627 1735 722 1802 modo
737 1756 860 1819 ⁴navem
890 1736 924 1802 in
947 1737 1076 1803 Cretam
1099 1733 1212 1825 duxitj
1235 1741 1268 1806 id
1347 1824 1349 1827 Ι

147 1858 218 1902 oum
240 1859 281 1904 ex
304 1839 378 1904 aliis
401 1839 522 1908 catulli
544 1839 702 1923 versibus,
731 1845 798 1925 tum
826 1859 866 1904 cx
897 1840 1030 1923 LXIIIL
1047 1842 1087 1904 84
1109 1849 1141 1907 et
1163 1864 1191 1908 v.
1210 1847 1264 1908 121

146 1940 307 2007 seluce
330 1941 448 2007 clarius
470 1949 617 2027 apparet.
660 1943 813 2007 Attamen
829 1941 863 2006 in
885 1942 1009 2007 tradita
1025 1944 1182 2029 scriptura
1204 1967 1269 2012 non

148 2041 373 2109 offendendum
397 2050 459 2108 est:
483 2045 521 2111 cf.
541 2044 578 2110 R.
592 2042 728 2123 Richter,
751 2042 934 2109 Jahresher.
952 2046 1029 2111 liber
1044 2046 1097 2113 die
1112 2047 1269 2117 Fortschr.

148 2143 206 2210 der
228 2145 321 2210 class.
343 2144 626 2212 Alterthumswiss.
648 2145 693 2210 IV
716 2143 827 2232 (1876)
850 2148 870 2209 2
893 2167 924 2231 p.
940 2149 1010 2212 322.

233 2248 363 2332 LXIHI‚
378 2251 449 2315 212.
483 2247 618 2314 Codices
640 2247 806 2314 exhibent:
840 2249 1047 2329 „classicum
1071 2254 1206 2320 moenia.
1227 2293 1270 2303 —

149 2351 359 2434 Linquentem
382 2356 516 2435 gnatum
539 2351 643 2417 ventis
666 2371 737 2417 oum
761 2351 904 2418 crederet
925 2352 1085 2438 Aegeus“,
1106 2392 1150 2402 -
1172 2376 1268 2439 qnam

147 2452 317 2520 lectionem
338 2473 448 2520 omnes
463 2453 602 2520 editores
617 2460 830 2521 mutaverunt.
873 2454 1105 2522 Difficultatem
1121 2460 1270 2525 nimirum

149 2554 243 2620 huius
264 2555 327 2621 loci
348 2558 475 2641 peperit
489 2555 617 2638 ingrata
641 2556 788 2642 repetitio
804 2557 984 2640 particulae
1006 2580 1073 2623 cum
1095 2563 1127 2623 et
1143 2559 1271 2635 diversa

150 2657 220 2740 ejus
242 2655 441 2739 significatio.
484 2657 566 2721 Hinc
596 2657 746 2723 diversae
777 2658 988 2740 conjecturae.
1032 2661 1066 2725 Si
1089 2661 1272 2744 conjectura

150 2778 232 2843 opus
254 2759 295 2823 sit
316 2758 425 2824 malim
447 2758 565 2824 honam
586 2759 677 2825 illam
699 2767 731 2826 et
753 2760 932 2845 elegantem
954 2762 1104 2830 Avantii:
1136 2785 1206 2830 cum
1229 2807 1271 2817 -

149 2866 285 2945 gnatum
315 2861 420 2927 ventis
450 2860 658 2928 concrederet.
713 2862 814 2929 Aliter
843 2863 1028 2933 emendavit
1057 2865 1272 2935 Baehrensius

150 2963 310 3030 Analecta
334 2963 403 3030 Cat.
425 2985 457 3049 p.
473 2966 523 3031 53.

237 3067 264 3134 8.
296 3067 335 3132 In
361 3066 611 3151 comparationis
639 3067 770 3133 fomulis
802 3067 929 3152 adjecto
960 3069 1113 3136 adverbio
1132 3081 1271 3152 puriter:

149 3169 284 3255 LXIIII,
299 3172 357 3234 301
385 3169 483 3236 Pelea
510 3189 588 3234 nam
617 3176 720 3236 tecum
751 3171 873 3256 pariter
902 3192 992 3238 soror
1013 3178 1187 3257 aspernata
1215 3181 1272 3243 est.

237 3273 265 3336 9.
297 3271 468 3338 Societatis
489 3272 577 3337 notio
598 3272 682 3337 inest
704 3272 737 3337 in
760 3291 785 3339 c.
804 3274 925 3357 XIII,3
948 3274 975 3339 si
998 3281 1101 3341 tecum
1118 3277 1272 3344 attuleris.

152 3372 254 3437 Porro
277 3373 311 3437 in
340 3393 366 3438 c.
385 3375 485 3458 LXII,
510 3377 548 3438 12
577 3392 689 3439 secum
727 3379 762 3439 ut
792 3376 945 3442 meditata
974 3379 1154 3463 requirunt,
1191 3400 1272 3463 „quo

151 3475 340 3560 designatur
367 3476 468 3542 tacita
505 3484 536 3541 et
564 3476 692 3541 occulta
720 3477 890 3562 cogitarim
924 3480 962 3545 cf.
992 3479 1097 3548 Hand.
1126 3484 1218 3548 Tura
1240 3485 1272 3549 II

150 3601 181 3664 p.
206 3582 275 3645 150.

238 3686 285 3747 10.
323 3686 393 3748 Com
422 3686 597 3766 usurpatur
627 3682 670 3746 ad
698 3683 827 3748 modum
856 3703 962 3750 rerum
991 3685 1189 3770 agendarum
1219 3689 1272 3755 de·
1349 3751 1352 3754 .

151 3784 334 3852 finiendum.
377 3784 532 3850 Germani
562 3789 704 3852 vertunt:
734 3791 834 3870 untes,
864 3809 911 3871 zu,
940 3787 1001 3856 bei.
1044 3789 1203 3874 Exempla
1232 3810 1272 3856 ex

153 3886 259 3951 Plauti
281 3886 455 3954 comoediis
477 3887 612 3954 collecta
634 3888 708 3955 vide
731 3890 818 3975 apud
841 3891 927 3958 Brix.
950 3892 993 3956 ad
1016 3892 1063 3957 Pl.
1079 3892 1119 3958 hl.
1134 3893 1273 3958 cloes:

152 3987 254 4071 XL‚8
275 4007 348 4053 oum
376 3990 475 4074 longa
505 3990 635 4056 voluisti
665 4011 777 4059 amare
798 4012 904 4076 poena
925 3994 1009 4077 LXI,
1026 3997 1064 4057 19
1088 3993 1173 4060 bona
1202 4014 1271 4059 cunr

152 4090 238 4157 bona
259 4090 358 4155 nubet
378 4092 456 4158 alite
484 4093 574 4176 virgo
596 4094 680 4178 LXI,
698 4097 758 4158 159
787 4095 929 4160 transfor
956 4096 1063 4160 omine
1092 4114 1163 4160 cum
1191 4096 1273 4162 bono

151 4191 612 4279 limen.pedesLX1111‚112
641 4196 757 4280 pedem
788 4197 891 4262 multa
921 4215 991 4260 cum
1022 4196 1121 4261 laude
1150 4197 1275 4265 reflexit

151 4296 285 4381 LXIIH,
312 4298 374 4361 329
412 4297 517 4364 fausto
555 4318 626 4364 cum
667 4300 772 4366 sidere
805 4300 966 4367 adveniet
1022 4299 1095 4367 Huc
1134 4302 1273 4385 pertinet
