2828 4762
153 306 172 365 4

148 471 305 555 imprimis
335 471 576 537 emendationes
606 473 707 539 obiter
738 473 779 540 ab
808 474 981 540 editoribus
1010 476 1196 561 propositae
1222 496 1270 541 ra-

148 573 248 639 riores
283 580 398 639 essent.
459 575 565 657 Atque
601 575 648 640 eis
687 575 817 658 quidem
848 576 1053 644 Catullianae
1083 577 1271 645 elocutionis

147 675 306 760 capitibus
328 694 412 758 quae
428 676 472 741 ad
487 678 662 761 particulas
677 679 845 762 pertinent,
868 680 1045 745 tractandis
1060 681 1155 764 pauci
1175 681 1270 745 modo

147 797 280 862 operam
304 778 468 846 dederunt.
511 780 560 845 De
582 780 751 864 particulis
774 780 929 846 nonnulla
951 782 993 848 ab
1010 781 1150 868 Hauptio
1173 783 1270 848 adno-

146 886 237 946 tatae
266 889 340 946 sunt
368 881 401 946 in
431 881 524 965 libro,
562 883 617 964 qui
646 882 822 949 incribitur:
856 881 1106 950 Observationes
1130 885 1270 951 Criticae

148 983 291 1068 [Lipsiae
321 984 407 1068 apud
438 984 668 1050 Weidmannos
701 987 792 1067 1841]
824 984 972 1072 (Hauptii
1002 986 1165 1071 Opuscnla
1193 991 1230 1053 Τ.
1255 988 1270 1051 Ι

146 1109 177 1171 p.
193 1088 377 1169 73-142),
397 1093 576 1172 praeterea
597 1088 724 1172 anins
755 1090 788 1151 in
816 1088 1042 1155 dissertatione
1065 1109 1125 1154 sua
1147 1088 1270 1175 (Hupe:

146 1190 187 1255 de
218 1209 335 1272 genere
363 1189 490 1255 dicendi
523 1191 558 1256 0.
580 1190 701 1257 Valerii
725 1190 844 1256 Catulli
866 1191 1068 1258 Veronensis.
1094 1194 1182 1257 1871.
1205 1194 1270 1257 Mo-

146 1290 290 1378 nasterii)
312 1313 343 1376 p.
366 1294 492 1357 36-38
515 1292 599 1358 hauc
627 1312 693 1358 rem
716 1292 832 1377 attigit.
883 1295 1042 1359 Accurata
1064 1314 1140 1360 vero
1164 1295 1269 1360 obser-

14 1460 16 1465 ,
146 1394 233 1458 vatio
256 1415 328 1460 curn
351 1394 455 1460 adhuc
477 1394 613 1476 deesset,
634 1394 784 1462 idoneam
807 1415 866 1480 ego
888 1395 1069 1479 materiam,
1091 1396 1132 1462 de
1154 1398 1268 1479 quain

146 1496 374 1563 dissertatione
397 1497 603 1581 disputarem,
626 1499 784 1582 reperisse
807 1498 885 1564 mihi
907 1499 1049 1564 videbar.
1093 1498 1268 1565 Consilium

145 1598 243 1682 igitur·
265 1599 342 1664 mihi
365 1606 413 1665 est
429 1601 483 1665 via
499 1618 538 1665 ac
553 1600 678 1666 ratione
693 1601 912 1684 pervestigare
928 1621 1019 1666 usum
1038 1602 1267 1685 particularum

61 1694 62 1697 ’
145 1700 421 1785 Catullianarum,
442 1702 500 1767 sed
521 1702 585 1786 ita,
614 1710 649 1767 ut
671 1723 711 1768 ex
728 1704 826 1787 copia
857 1702 1102 1787 particularum,
1124 1741 1165 1749 —
1187 1723 1268 1785 quas

145 1823 255 1869 omnes
284 1804 430 1889 excerpsi
453 1842 494 1850 —
517 1804 549 1868 in
579 1804 639 1869 hoc
664 1804 772 1871 libello
802 1804 843 1870 de
871 1806 1142 1889 praepositionum
1172 1805 1267 1868 modo

145 1925 205 1971 usn
235 1926 347 1991 agam,
376 1907 511 1973 collecta
540 1913 572 1973 et
599 1907 823 1992 disponamsset
844 1914 1048 1992 pertractem.
1096 1907 1265 1989 Reliquam

143 2010 314 2075 materiam
337 2031 359 2075 a
382 2029 434 2075 me
456 2009 623 2076 collectam
647 2009 822 2094 posteriore
844 2015 988 2094 tempore
1009 2018 1042 2077 et
1064 2009 1266 2075 tractandam

142 2117 174 2178 et
196 2112 355 2190 edendam
378 2113 505 2179 curabo.

228 2215 266 2280 ln
289 2215 576 2281 commemorandis
597 2215 733 2298 singulis
761 2215 839 2280 locis
866 2217 906 2279 iis
928 2215 1104 2280 carminum
1127 2215 1266 2281 numeris

142 2324 230 2406 utar,
260 2338 340 2400 quos
362 2316 578 2383 Baehrensius
608 2317 641 2382 in
670 2317 811 2383 editione
841 2337 900 2383 sua
922 2317 1098 2382 carminum
1121 2317 1267 2383 versibus

141 2418 320 2505 adscripsit
364 2419 532 2502 [Dissentit
547 2419 706 2504 imprimis
721 2440 743 2485 a
757 2421 873 2486 ceteris
888 2420 930 2486 de
944 2421 1086 2486 carmine
1102 2418 1267 2501 LXVlllb,

140 2522 199 2588 sed
231 2523 259 2587 si
287 2522 478 2589 Baehrensii
508 2523 649 2588 numeris
676 2522 894 2606 quadraginta
924 2522 1104 2606 addideris,
1135 2522 1267 2587 habebis

139 2644 305 2692 numerum
327 2645 439 2692 versus
461 2625 599 2691 alicuius
626 2625 715 2710 apud
737 2625 877 2708 reliquos
899 2627 1057 2707 editores]
1103 2625 1153 2690 Ab
1176 2629 1266 2690 textu

140 2725 209 2810 ejus
246 2727 334 2794 haud
368 2748 440 2794 raro
475 2727 702 2794 discedendum
733 2727 811 2793 mihi
845 2728 1029 2810 videbatur,
1063 2734 1265 2811 receptarum

140 2828 310 2894 lectionum
326 2836 472 2895 auctores
487 2829 659 2896 nominavi.
703 2829 919 2896 Baehrensius
941 2829 982 2894 de
998 2828 1124 2893 Oatullo
1147 2828 1265 2910 optime

140 2930 273 2996 meritus
296 2937 358 3015 est3
381 2931 468 3014 quod
490 2938 598 2997 autem
622 2933 665 2997 ad
687 2931 869 3017 opinionem
893 2930 962 3014 ejus
979 2929 1101 3013 attinet,
1123 2927 1263 2993 codicem

140 3031 356 3101 Oxoniensem
389 3033 543 3118 optimum
566 3053 637 3101 esse
665 3024 806 3100 omnium
829 3033 973 3100 codicum
995 3050 1132 3113 eumque
1160 3029 1262 3094 solum

131 3135 227 3200 ‘omni
258 3157 279 3201 a
307 3142 399 3219 parte
422 3135 465 3200 ab
491 3134 753 3221 interpolatorum
781 3137 854 3202 labe
876 3135 1059 3217 immunem,
1082 3137 1117 3197 ut
1138 3150 1264 3216 semper

139 3237 207 3303 fere
237 3237 393 3320 majorem
423 3238 517 3304 fidem
549 3245 710 3306 mereatur
739 3259 835 3321 quam
859 3235 1106 3318 Germanensis,
1131 3234 1209 3300 mihi
1231 3233 1264 3299 id

143 3359 254 3404 verum
277 3359 348 3406 esse
378 3361 442 3405 non
469 3343 639 3425 persuasit.
690 3343 777 3407 Bene
805 3339 845 3404 de
875 3340 936 3404 hac
963 3359 999 3404 re
1020 3339 1265 3423 disputaverunt

139 3441 330 3508 Schwabius
358 3442 491 3528 (Jenaer
518 3444 809 3527 Literaturacitung
835 3445 914 3508 1875
945 3463 975 3528 p.
995 3440 1070 3527 513)
1097 3440 1264 3508 Schulzius

137 3545 287 3630 (Hermes
308 3547 369 3612 rol.
393 3546 475 3612 Xlll
497 3568 526 3630 p.
550 3551 590 3610 50
609 3545 707 3632 eqd),
738 3546 932 3612 Schmidtius
954 3543 1264 3631 (Literaturzeitung

141 3649 222 3711 1878
238 3669 267 3732 p.
283 3647 368 3732 207),
390 3647 522 3712 llllisius
544 3649 704 3734 (Prolegg.
720 3650 764 3713 ad
783 3647 954 3714 editionem
969 3647 1105 3712 alteram
1122 3642 1264 3723 Catulli).

137 3749 226 3816 Sane
248 3750 349 3816 codex
371 3747 398 3814 Ο
420 3769 493 3814 cum
515 3750 623 3816 codiee
651 3749 828 3816 Veronensi
851 3747 1092 3834 propinquitate
1121 3743 1262 3825 quadam

137 3851 324 3934 conjunctus
347 3858 411 3935 est3
434 3870 539 3933 neque
560 3871 635 3917 vero
651 3851 868 3918 Baehrensius
889 3851 969 3916 satis
988 3845 1208 3931 comprobavit
1223 3863 1262 3910 ex

136 3954 207 4039 ipso
231 3953 257 4018 V
280 3972 352 4018 cum
375 3952 572 4036 descriptum
594 3973 674 4021 ease.
718 3951 937 4021 Nihilominus
959 3949 1069 4032 magni
1096 3957 1145 4014 est
1168 3947 1263 4033 pretii

127 4054 173 4141 Ι0.
196 4053 418 4137 Rejiciendum
441 4060 550 4120 autem
573 4055 730 4137 estquod
753 4051 969 4120 Baehrensius
991 4050 1132 4117 affirmat
1154 4068 1264 4116 omnes

137 4155 273 4240 codices,
296 4156 413 4239 quibus
428 4161 555 4240 signum
570 4181 587 4232 ς
601 4156 690 4223 dedit
706 4157 775 4222 sine
791 4156 857 4222 ullo
873 4173 944 4221 esse
958 4155 1071 4239 pretio.
1113 4153 1262 4218 Datanus

135 4259 265 4344 quidem
288 4278 383 4342 quem
400 4259 626 4326 Lachmannus
649 4259 890 4326 tantiaestimat
915 4258 1098 4342 „pessimus
1121 4253 1261 4319 omnium
