2828 4762
161 303 202 364 64

160 470 372 535 Profundsre:
395 468 458 534 abl.
480 472 529 550 64,
545 470 617 532 202.

159 571 324 636 Prosilire:
347 590 365 636 0
388 569 459 655 osb,
478 573 524 636 18.

159 674 384 758 Prospeotare:
416 672 478 738 abl.
507 676 557 753 64,
579 675 618 734 52
651 671 833 755 [Ablativus
872 673 1064 756 respondere
1093 679 1199 759 potest
1239 677 1285 742 ad
1389 738 1391 745 ,

362 775 644 858 interrogationem
656 774 732 839 ubi?
755 783 811 839 aut
828 773 928 858 (quod
945 775 1081 842 fortasse
1092 778 1284 865 praecedat)

330 917 331 920 =
361 879 473 959 undet]

158 980 360 1064 Prospioere:
383 1000 423 1045 sx
446 983 496 1058 or,
510 983 561 1046 60.

156 1082 284 1148 Subire:
307 1103 373 1148 aee.
388 1086 438 1164 61,
457 1085 523 1148 161.
538 1119 581 1128 -
596 1083 643 1148 Pl.
657 1083 724 1148 sub.
740 1083 830 1148 Most.
847 1086 875 1165 2,
896 1091 919 1166 t,
935 1087 972 1148 10
987 1083 1076 1168 (vide
1092 1105 1190 1169 supra
1204 1107 1235 1170 p.
1248 1088 1279 1172 .).

157 1184 353 1269 Subrepere:
374 1185 408 1249 in
431 1205 456 1251 0.
478 1205 543 1250 auo.
569 1189 617 1267 76,
632 1187 681 1249 21.
726 1184 790 1251 dat.
807 1188 856 1269 77,
871 1188 900 1250 3.

157 1287 381 1353 Substsrnere:
404 1287 469 1353 dat.
492 1291 542 1369 64,
558 1289 628 1350 332.
652 1289 721 1353 402.
746 1325 786 1333 -
809 1287 914 1352 Lucu:
937 1287 1001 1352 dat.

157 1390 327 1474 Suffigere:
348 1389 382 1455 in
405 1410 430 1456 0.
452 1390 513 1455 abl.
538 1392 587 1472 99,
604 1394 633 1455 4.
656 1431 698 1439 -
721 1393 770 1472 67,
787 1392 827 1452 39
852 1389 902 1453 trio
924 1390 1040 1455 suffixa
1061 1390 1175 1472 tigillo.

156 1494 357 1578 Supponsre:
381 1494 413 1556 in
429 1512 455 1558 0.
469 1492 531 1558 abl.
547 1495 597 1576 67,
612 1495 661 1557 32.
684 1530 726 1538 -
749 1493 805 1558 dat
820 1496 868 1574 69,
885 1495 912 1556 2.
934 1530 976 1539 -
999 1494 1107 1559 Plaut:
1130 1495 1199 1576 sub,
1213 1494 1277 1562 dat.

155 1595 334 1660 Susoitare:
358 1617 378 1660 a
403 1594 471 1679 860,
488 1597 536 1659 84.
581 1615 599 1660 0
623 1598 672 1678 80,
688 1600 714 1660 4.

241 1698 347 1765 Verba
377 1717 446 1762 ourn
487 1697 777 1782 praepositionibus
807 1699 998 1782 eornposita,
1034 1718 1119 1781 quae
1148 1707 1279 1785 propter

153 1801 316 1866 notionem
338 1800 493 1884 simpliois
508 1799 597 1865 verbi
620 1819 691 1864 oum
714 1799 825 1865 dativo
848 1800 889 1866 ab
904 1800 1052 1866 omnibus
1068 1802 1278 1886 scriptoribus

153 1902 389 1986 sunjunguntur
410 1902 511 1967 omisi.

239 2006 384 2091 Apparet
419 2012 528 2071 autem
564 2024 604 2070 ex
634 2004 800 2070 verborum
831 2005 1077 2091 compositorum
1116 2012 1278 2073 structura

153 2108 325 2192 quodiam
349 2113 446 2173 antea
469 2107 682 2172 indioavimus
705 2113 737 2173 et
759 2108 870 2190 aliqua
892 2127 931 2173 ex
954 2113 1046 2193 parte
1069 2108 1279 2195 ostendimus,

152 2212 235 2278 inter
270 2211 358 2295 leges
394 2217 536 2276 veterum
575 2215 607 2276 et
642 2211 854 2276 reeentiorunr
891 2210 1081 2295 scriptorum
1111 2211 1277 2277 Catullum

152 2313 247 2397 quasi
277 2294 417 2378 nredium
453 2331 539 2395 esse,
583 2311 765 2379 Lucretium
800 2312 1000 2394 aliquantum
1037 2319 1178 2379 veterum
1201 2315 1277 2379 usui

154 2416 283 2481 favisse.
