2828 4762
145 303 164 366 8

144 472 206 538 sibi
238 471 383 555 derigere
409 472 511 540 aoiem
540 510 582 520 -
612 473 799 553 va11‚2n
830 495 865 542 se
894 475 1033 541 mediam
1063 477 1191 542 sustulit
1219 476 1288 543 ad·

144 573 295 642 tunicam.

230 680 258 743 4.
290 677 340 744 De
369 678 476 761 quiete
501 678 619 745 dieitur
647 678 707 762 ita,
735 685 771 745 ut
800 679 889 745 loeus
917 679 1041 747 vicinus
1070 681 1266 766 significetur

145 781 216 865 (pro
238 799 348 866 praep.
370 781 482 866 apud).

229 882 419 966 xxxmo
442 883 486 948 ad
507 883 552 968 pii
582 903 692 968 rogum
722 883 779 949 filii
807 884 940 968 lugetur.
962 885 1093 978 XCV,7
1117 885 1264 953 Paduam

145 984 317 1050 morientur
345 985 388 1050 ad
416 985 530 1070 ipsam.
574 987 698 1071 xx1,o
729 986 843 1052 haeres
871 986 913 1052 ad
936 986 1057 1073 latus.¹)
1079 1025 1121 1035 -
1144 987 1192 1055 uf.
1215 988 1263 1054 Pl.

145 1087 258 1171 Amph.
274 1091 336 1151 504
358 1087 451 1154 adest
472 1089 515 1154 ad
536 1089 719 1174 exereitum,
749 1092 820 1155 Ter.
843 1090 958 1156 Heaut
974 1091 1036 1154 979
1058 1109 1130 1156 esse
1152 1090 1193 1156 ad
1217 1112 1266 1156 so-

144 1208 255 1255 rorem.
278 1189 325 1255 Pl.
339 1191 432 1258 llere.
448 1193 509 1256 328
532 1193 640 1258 estad
658 1197 784 1277 portum
799 1191 970 1276 negotium.
993 1230 1035 1242 —
1056 1193 1161 1258 Motus
1175 1193 1264 1258 notio

143 1292 177 1356 in
200 1291 249 1356 his
271 1294 429 1377 exemplis
450 1293 505 1359 rix
527 1294 613 1360 oerni
640 1301 754 1379 potest.

229 1394 301 1460 Hue
322 1415 417 1480 porro
439 1395 576 1479 pertinet
597 1395 736 1482 LXllIb,
751 1400 804 1463 29:
882 1419 884 1423 ¹

164 1519 167 1528 ·
289 1497 332 1564 ad
355 1518 452 1580 quam
476 1518 661 1565 communes
683 1519 904 1566 exemeremus
926 1518 1060 1567 amores.

230 1599 366 1666 Oodioes
388 1618 501 1666 versus
522 1603 562 1666 28
575 1607 619 1667 'et
640 1605 681 1666 29
703 1603 751 1667 ita
773 1601 936 1668 exhibent:

289 1703 384 1784 Isque
406 1702 534 1768 domum
558 1703 651 1769 nobis
673 1704 764 1787 isque
787 1704 875 1770 dedit
897 1703 1059 1769 dominam

289 1805 341 1869 Ad
356 1824 451 1888 quam
468 1823 652 1871 eommunes
663 1805 717 1890 (G.
725 1804 888 1892 comunes)
898 1825 1117 1872 exerueremus
1129 1825 1261 1871 amores.

231 1907 397 1974 Struotura
426 1908 537 1973 horum
573 1909 740 1975 verborum
778 1915 813 1974 ut
842 1908 875 1974 in
912 1908 1003 1976 libris
1036 1907 1263 1992 manusoriptis

144 2009 280 2075 traditur
302 2030 421 2094 magna
451 2011 647 2078 obseuritate
675 2011 816 2096 laborat,
846 2032 941 2094 quam
972 2011 1012 2077 ob
1043 2031 1110 2078 rem
1141 2011 1174 2076 in
1203 2011 1263 2077 hoo

144 2131 238 2179 versu
260 2113 499 2198 interpretando
520 2115 612 2181 varie
637 2115 720 2182 inter
742 2135 777 2182 se
799 2114 950 2182 diffemnt
971 2115 1031 2179 viri
1054 2115 1150 2181 dooti.
1192 2115 1264 2182 Plu·

144 2214 216 2280 rimi
254 2222 361 2281 autem
397 2236 507 2282 eorum
537 2216 614 2300 ‚‚ad“
643 2216 913 2301 praepositionem
945 2237 1004 2301 pro
1040 2217 1162 2301 ‚‚apud“
1192 2236 1265 2283 esse

145 2316 281 2401 positam
313 2318 523 2385 eonsentiunt
566 2317 705 2402 ‚‚Qusm“
727 2324 835 2384 autem
864 2319 1056 2386 voeabulum
1083 2318 1140 2384 alii
1169 2318 1264 2404 (San-

144 2419 264 2504 tenius,
287 2420 441 2506 Weisius‚
464 2421 633 2507 Heysius),
655 2420 696 2488 de
718 2423 813 2487 domo
842 2422 961 2488 dietum
984 2427 1113 2508 putant,
1143 2421 1200 2486 alii
1222 2422 1265 2488 ad

21 2515 25 2524 ’
143 2522 341 2606 „dominam“
362 2523 503 2590 referunt
518 2524 684 2611 (Silligius,
707 2525 907 2609 Deeringius‚
929 2522 1086 2610 Ellisius).
1129 2524 1170 2588 ut
1188 2529 1264 2590 ante

144 2626 253 2690 omnia
275 2626 403 2709 quidem
426 2623 597 2694 reicienda
612 2634 661 2694 est
675 2627 780 2693 llllisii
804 2629 973 2712 sententia,
994 2627 1050 2711 qui
1064 2625 1263 2712 „dominam“

144 2747 207 2793 non
238 2728 278 2795 de
308 2729 436 2814 Lesbia,
464 2730 521 2796 sed
544 2730 585 2796 de
608 2749 706 2795 uxore
727 2730 804 2795 Allii
826 2729 993 2814 intellegit,
1019 2748 1116 2813 quarn
1138 2748 1264 2794 amores

144 2829 283 2896 Lesbiae
304 2836 336 2897 et
359 2831 479 2898 Catulli
501 2833 582 2898 tueri
605 2832 690 2897 dieit
737 2832 912 2912 „Domina“
937 2832 1028 2898 nulla
1051 2831 1179 2915 femina,
1202 2831 1264 2896 nisi

144 2932 262 2998 Lesbia
284 2952 358 3000 esse
378 2939 496 3019 potest,
526 2934 576 3000 oui
599 2934 778 3000 sententiae
798 2956 828 3000 v.
845 2937 885 2999 30
900 2934 954 3020 (of.
968 2934 1114 3020 Ellisins)
1136 2934 1264 3000 omnino

144 3054 207 3099 non
237 3041 406 3121 repugnat.
455 3039 570 3120 Itaque
602 3038 664 3117 „sd
692 3037 873 3103 dominam“
902 3037 969 3103 soil.
998 3036 1149 3103 Lesbiam
1179 3037 1264 3102 idem

144 3143 246 3222 esset,
269 3140 354 3222 quod
387 3140 493 3224 „apud
515 3139 696 3206 Lesbiam“.
739 3140 788 3206 De
811 3140 872 3206 hae
894 3159 929 3207 ro
955 3139 992 3206 ol.
1015 3139 1119 3204 Hand.
1142 3138 1263 3206 Turul

144 3260 175 3325 p.
185 3243 236 3308 95.
278 3242 437 3326 Exempla
458 3261 499 3309 ex
514 3242 622 3310 Plauti
645 3247 678 3308 et
693 3242 835 3308 Terentii
851 3242 1025 3308 comoediis
1040 3242 1175 3308 eolleeta
1192 3243 1265 3307 vide

145 3342 233 3428 apud
255 3343 399 3409 Brixium
422 3345 468 3411 Pl.
492 3343 583 3430 Capt.
608 3345 689 3410 Prol.
705 3363 734 3411 v.
749 3347 806 3411 49:
832 3344 893 3426 „ad
915 3343 997 3410 auoh
1021 3343 1072 3410 bei
1095 3345 1264 3424 Personen,

144 3466 239 3513 wenn
261 3446 318 3512 der
340 3446 462 3531 Begriff
480 3447 537 3514 des
560 3446 656 3514 Ortes
677 3447 874 3531 mitgedaoht
896 3447 1004 3514 wird.“
1051 3445 1133 3526 Quid
1155 3441 1262 3510 autem

144 3554 241 3634 poeta
263 3547 314 3614 his
336 3549 443 3616 verbis
464 3550 643 3634 exprimere
665 3550 788 3617 voluit?
828 3552 944 3616 Nonne
971 3551 1090 3616 elarius
1111 3546 1264 3614 dixisset:

144 3671 215 3719 eum
231 3671 298 3734 qua
312 3663 462 3718 eomunes
477 3671 699 3720 exerueremus
714 3657 863 3722 amores?
893 3655 1075 3736 Praeterea,
1090 3672 1153 3735 quo
1169 3648 1264 3716 modo

147 3760 334 3836 „eomunes“
367 3755 585 3840 interpretrari
615 3754 749 3822 volunt?
788 3754 872 3821 Nam
903 3755 1066 3822 Outullum
1088 3759 1121 3820 et
1143 3753 1265 3819 Allium

143 3856 386 3943 „communiter‘
402 3855 488 3941 apud
503 3856 655 3923 Lesbiam
671 3855 852 3923 exercuisse
866 3876 1004 3939 amores,
1017 3874 1111 3922 nemo
1131 3855 1266 3940 putabit

145 3959 313 4026 Tolluntur
334 3958 396 4026 hae
418 3957 636 4043 difficultates,
665 3959 693 4023 si
719 3958 779 4038 „ad
809 3964 923 4041 quam“
949 3959 1171 4044 coniungimus
1193 3973 1265 4024 eum

148 4060 325 4143 „domum“,
354 4060 400 4126 ita
423 4065 458 4124 ut
485 4059 571 4124 idem
601 4060 643 4125 sit
672 4060 757 4143 quod
783 4059 887 4144 „apud
917 4060 1072 4128 domum“.
1115 4060 1159 4125 At
1181 4064 1266 4126 reete

145 4182 179 4228 se
208 4160 305 4228 habet
334 4163 421 4245 quod
443 4160 660 4246 Kiesslingius
690 4161 773 4248 (Ind.
796 4162 892 4231 schol.
914 4163 1034 4250 Gryph.
1060 4165 1141 4228 1876
1163 4181 1193 4246 p.
1213 4161 1265 4249 16)

145 4263 254 4330 affert:
284 4261 581 4351 „quotusquisque
609 4264 778 4332 relativum
808 4265 893 4349 qnod
923 4267 1068 4351 sequitur
1087 4283 1265 4351 pronomen
