2828 4762
1224 267 1265 329 39

229 439 257 504 2.
288 437 338 502 De
370 443 515 521 tempore
555 436 838 521 appropinquante
875 436 1013 518 LXIIII,
1043 438 1102 499 271
1140 437 1265 501 Aurora

142 539 305 604 exoriente
333 538 409 622 vagi
440 539 498 603 snb
530 539 653 603 lumina
675 538 789 623 solis.¹)
824 574 866 583 —
899 537 949 603 Os.
978 538 1020 602 ad
1049 537 1132 603 hunc
1159 538 1264 604 locum

142 640 383 707 Drakenborch.
410 640 454 706 ad
477 642 697 724 niv.11‚55‚1
722 635 969 726 (uom.1,11'p.
986 639 1061 724 461)
1087 641 1143 723 qui
1172 641 1265 706 dicit:

143 743 271 808 Livium
291 744 361 809 sine
383 744 567 809 discrimine
590 743 820 829 praepositioni
842 750 896 810 aab
911 763 995 808 nuno
1017 752 1166 826 quartum
1181 762 1266 809 nunc

142 851 268 911 sextum
290 864 400 910 casum
423 844 598 911 addidisse.
643 844 689 911 ef.
712 845 869 912 Kllhnest.
892 847 928 912 L.
945 845 976 911 S.
998 866 1029 929 p.
1041 848 1112 912 366.

229 967 257 1030 3.
298 964 379 1030 Cum
410 965 595 1030 accusativo
625 965 840 1048 conjungitur:
870 965 956 1044 LXI,
982 968 1037 1028 161
1069 965 1265 1047 rasilemque

142 1071 211 1133 subt
225 1066 364 1153 forem.²)
379 1105 421 1114 -
437 1068 486 1134 De
502 1068 710 1150 0.1.xv11„,3.
725 1075 896 1150 ‚pammac
911 1068 989 1132 mei“
1004 1067 1148 1133 conseras
1162 1067 1264 1134 Lach-

145 1188 296 1234 mannum
319 1170 361 1247 ad
383 1171 508 1236 Lucret.
524 1171 602 1255 1111,
617 1173 688 1234 602.
710 1207 752 1216 -
776 1171 958 1252 Draegerus
981 1177 1208 1234 commemorat
1233 1175 1265 1234 et

143 1290 212 1336 oum
225 1271 336 1338 dativo
348 1280 379 1337 et
390 1292 462 1338 oum
473 1292 576 1338 accus.
592 1272 653 1338 hoo
665 1272 794 1338 verbum
807 1272 948 1336 construi
960 1290 1064 1357 posse
1097 1273 1193 1336 Recte
1208 1272 1264 1337 ille

143 1375 285 1456 quidem,
314 1382 350 1439 at
371 1376 405 1440 in
434 1377 593 1440 translata
614 1375 744 1439 notione
767 1375 858 1440 verbi
881 1374 1010 1438 dativus
1033 1380 1080 1438 est
1104 1373 1263 1440 usitatior.

227 1493 323 1560 IIII.
354 1493 501 1562 Subter:
525 1495 611 1559 Inter
626 1498 736 1560 Subter
751 1501 784 1558 et
804 1498 860 1559 sab
875 1493 1129 1578 praepositiones
1151 1495 1265 1560 eadem
1360 1494 1364 1503 '

142 1596 226 1659 ratio
248 1596 417 1661 intercedit
440 1615 525 1679 quae
546 1596 629 1662 inter
647 1607 782 1678 propter
804 1602 836 1661 et
859 1618 962 1677 prope
983 1596 1002 1661 i.
1018 1615 1046 1661 e.
1066 1600 1170 1662 subter
1199 1615 1265 1660 ma-

137 1696 243 1781 jorem
278 1698 421 1782 possidet
449 1702 514 1764 vim
538 1719 635 1782 quam
662 1704 725 1765 sub.
747 1700 877 1783 LXV‚7
909 1719 1004 1782 quem
1035 1698 1144 1764 subter
1172 1697 1266 1764 litore

142 1799 237 1865 tellus
261 1799 385 1867 obterit.
429 1801 583 1867 Germani
607 1802 734 1868 dicunt:
764 1803 820 1866 An
849 1801 901 1867 vel
932 1802 1002 1865 aul
1019 1800 1093 1866 dem
1115 1801 1265 1867 Gestade.

152 1937 154 1941 ’
226 1920 268 1988 V.
292 1919 420 2006 Super:
436 1923 486 1988 De
501 1928 589 1987 motu
604 1941 661 2007 per
676 1920 874 2005 superficiem
891 1921 936 1985 rei
952 1920 1104 1985 alicuius:
1116 1920 1266 2006 LXVIII,

145 2027 160 2086 1
193 2022 296 2108 Super
327 2025 395 2089 alta
427 2031 537 2090 vectus
568 2023 662 2089 celeri
692 2030 762 2088 rate
800 2023 911 2087 maria.
944 2058 987 2069 -
1018 2022 1142 2088 Ennius
1172 2022 1265 2089 item:

143 2125 232 2190 volat
254 2145 352 2211 super·
373 2126 486 2191 undas.
532 2125 619 2209 Virg.
641 2130 720 2193 Aen.
734 2127 759 2209 Ι,
775 2127 830 2190 67:
853 2143 942 2189 mare
964 2125 1128 2208 navigare.

229 2228 368 2314 Saepius
390 2234 439 2294 est
462 2227 661 2294 adverbium.
704 2227 795 2293 Idem
811 2227 896 2310 quod
918 2227 1092 2312 „desuper“
1107 2227 1266 2312 significat

143 2331 229 2413 LXI,
243 2334 283 2395 29
298 2325 434 2416 lympha
450 2350 530 2414 quos
545 2350 641 2415 super
655 2329 768 2414 irrigat
789 2328 809 2396 i.
825 2349 852 2396 e.
874 2328 946 2394 fons
961 2330 1131 2415 Aganippe
1148 2329 1266 2412 frigida

144 2453 231 2516 aqua
245 2432 408 2501 humectat
423 2453 529 2517 rupes.
562 2434 773 2517 utillimae
789 2434 913 2517 Tempe
927 2451 1011 2514 quae
1027 2433 1157 2515 cingunt
1172 2453 1266 2515 super

143 2536 374 2620 impendentes.
406 2573 448 2584 -
478 2535 618 2602 Verbum
649 2535 887 2621 ‚‚impendene“
917 2534 1044 2618 saepius
1075 2535 1190 2600 eadem
1212 2556 1266 2600 no·

143 2639 230 2702 tione
257 2639 346 2722 apud
368 2638 549 2703 Lucretium
574 2638 743 2703 invenitur.
786 2639 875 2703 Bene
902 2637 943 2703 de
966 2636 1016 2701 his
1038 2637 1160 2701 duobus
1186 2637 1266 2702 locis

146 2738 290 2824 disputat
311 2739 406 2826 Hupe
429 2740 553 2805 dissert.
576 2761 606 2824 p.
623 2742 673 2823 38,
703 2740 760 2806 sed
783 2740 816 2805 id
839 2739 1024 2805 addendum
1047 2745 1111 2805 est:
1134 2739 1202 2805 Nec
1224 2739 1267 2803 ad
1298 2778 1303 2785 ·

144 2840 290 2925 „irriget‘
312 2861 371 2907 nec
393 2824 717 2927 ad‘„impendentes“
739 2843 821 2907 trahi
844 2848 948 2926 potest
966 2864 1058 2923 saper
1080 2861 1137 2925 per
1151 2843 1267 2907 tmesin

144 2963 239 3026 quum
263 2943 394 3010 verbum
416 2944 734 3029 „superimpendere“
756 2964 821 3008 non
842 2948 954 3010 exstet.
997 2944 1046 3010 De
1065 2944 1172 3009 verbis
1195 2965 1267 3011 cum

143 3046 267 3112 duobus
289 3046 582 3132 praepositionibus
606 3047 791 3132 compositis
813 3046 879 3129 egit
901 3046 1015 3130 Teipel
1039 3045 1123 3132 (nov.
1147 3047 1267 3112 annell.

146 3148 266 3234 philoll.
288 3149 377 3235 Supl.
400 3170 429 3218 v.
444 3150 531 3234 XVI,
549 3152 588 3214 16
614 3147 717 3235 teto).
761 3149 824 3214 Hic
844 3154 877 3213 et
897 3149 1069 3215 Forcellini
1097 3150 1267 3235 „superim-

234 3371 254 3436 ¹)
271 3368 345 3425 Vide
364 3369 568 3425 Overholthaus
587 3386 613 3438 p.
627 3372 696 3436 316
715 3367 750 3424 dc
768 3367 821 3424 hoc
838 3383 936 3424 versu:
963 3369 1033 3434 „sub
1051 3387 1073 3424 c.
1091 3385 1184 3424 accus.
1203 3385 1267 3425 con-

143 3455 279 3525 iunctum,
296 3453 344 3510 nbi
361 3454 516 3509 ablativum
535 3458 692 3523 exspectes,
710 3454 903 3509 extensionem
923 3454 952 3508 in
969 3454 1099 3510 inferiore
1122 3459 1203 3524 parte
1220 3456 1268 3509 ali·

143 3540 224 3596 cuius
242 3540 283 3595 rel
300 3540 439 3608 designat.
475 3541 528 3595 Est
553 3540 727 3595 constructio
752 3541 819 3595 satis
838 3548 923 3595 rara.“
961 3540 1092 3609 Sequitur
1115 3540 1163 3596 ille
1180 3542 1268 3596 ltalos

143 3628 192 3696 qui
212 3626 402 3696 seripserunt:
423 3627 492 3689 „sub
509 3626 604 3680 limina
623 3626 701 3681 solis.
736 3624 781 3680 At
797 3625 862 3680 inV
881 3627 1015 3696 scriptum
1033 3633 1106 3681 erat:
1125 3626 1269 3689 „sublimia

144 3713 228 3768 solis“
247 3713 324 3784 quod
343 3718 506 3784 corruptum
525 3716 585 3767 erat
596 3727 630 3766 ex
650 3711 720 3775 „sub
738 3712 838 3766 luina.“
875 3712 964 3767 Recte
980 3711 1067 3781 igitur
1079 3711 1267 3768 Baehrensius

145 3812 227 3866 quem
261 3798 358 3853 laudat
384 3797 573 3866 Rossbergius
606 3797 719 3865 (annall.
752 3796 860 3866 philoll.
887 3801 964 3866 1811)
990 3797 1160 3853 emendavit:
1197 3797 1266 3861 „sub

145 3878 271 3936 lumina.“
290 3915 325 3922 —
343 3882 384 3939 ef.
403 3883 531 3937 Ellisium
549 3883 771 3953 (Commentary)
789 3897 824 3936 en
841 3882 922 3938 cuius
941 3882 1081 3939 sententia
1092 3883 1147 3937 sub
1164 3883 1267 3936 lumina

144 3968 195 4020 ant
212 3980 275 4022 eum
294 3969 467 4030 „exoriente“
486 3973 536 4023 aut
554 3984 616 4023 cum
636 3968 765 4032 „incitat‘
784 3967 1009 4039 conjungendum
1028 3973 1079 4023 est.

231 4053 254 4120 ²)
272 4051 394 4108 Verbum
413 4054 539 4117 „subire“
558 4054 713 4125 priscorum
731 4053 900 4124 scriptorum
912 4058 1003 4108 aetate
1020 4067 1083 4106 raro
1100 4056 1267 4121 usurpatum

143 4137 258 4194 notione
276 4137 465 4206 metaphorica
485 4140 644 4209 praeditum
666 4154 724 4194 non
742 4143 842 4195 exstat.
871 4169 906 4179 -
933 4137 974 4193 uf.
997 4139 1109 4192 Lucret.
1121 4135 1172 4203 VI,
1187 4141 1265 4192 1246:

143 4222 193 4281 leti
209 4239 302 4294 genus
320 4223 421 4282 subire.
