2828 4762
187 283 229 354 16

269 460 387 544 OlX,2
411 480 552 527 amorem
575 461 657 526 inter
680 483 738 527 nos
760 468 1015 548 perpetuumque
1035 464 1114 531 fore.

139 566 142 571 ’
269 563 390 630 xvll.
405 563 495 630 Per:
527 571 587 630 Per
608 564 745 648 primum
770 564 886 630 dieitur
913 565 953 632 de
976 565 1046 632 loeo
1072 567 1123 636 vel
1145 567 1187 633 rie
1209 567 1304 633 rebus

183 669 288 732 looum
312 686 406 749 quem
429 667 501 749 quis
524 672 667 750 permeat
690 667 903 750 explentibus.

268 770 343 849 1111,
361 771 398 833 18
421 769 495 834 inde
517 774 563 833 tot
585 789 641 854 per
655 769 845 853 impotentia
868 770 951 836 freta
973 771 1093 838 tulisse.
1137 773 1302 854 LXIIII‚2

184 873 337 937 Dicuntur
359 871 499 954 liquidas
528 890 624 938 nasse
646 892 704 956 per
733 872 847 938 undas.
890 873 1004 957 LXVI,
1020 876 1061 937 46
1084 892 1141 957 per
1162 875 1302 940 medium

183 976 277 1039 olassi
301 973 440 1040 barbara
458 973 549 1038 narit
561 973 676 1040 Athon.
720 975 836 1058 LXVI,
848 980 888 1038 55
903 975 996 1058 isque
1007 995 1064 1059 per
1079 975 1240 1041 aetherias
1252 995 1303 1042 me

181 1078 297 1145 tollens
316 1077 426 1142 avolat
448 1075 586 1142 umbras.
608 1076 778 1163 axsinia,
799 1079 839 1139 20
855 1097 912 1161 per
927 1078 1066 1144 medium
1082 1078 1173 1144 densi
1188 1079 1304 1144 transit

181 1183 242 1248 iter
263 1181 374 1267 populi
396 1181 489 1266 (quer
511 1177 609 1245 duroh
632 1181 771 1246 mediam
794 1181 892 1265 riam,
914 1200 1012 1263 quam
1034 1182 1174 1247 celebrat
1195 1189 1228 1248 et
1242 1183 1304 1248 fre

182 1289 314 1368 quentat
343 1282 502 1368 populus).
558 1283 645 1367 01‚1
679 1283 797 1348 Multas
830 1303 887 1368 per
916 1289 1028 1366 gentes
1056 1291 1087 1351 et
1115 1284 1216 1349 multa
1246 1306 1303 1370 per

182 1407 324 1471 aequora
346 1391 464 1452 veetus.
485 1421 527 1432 -
551 1386 671 1451 Poetae
686 1385 742 1450 alii
758 1387 949 1471 saepissime
963 1386 1085 1452 dieunt:
1107 1406 1197 1454 mare
1212 1391 1303 1460 navi·

182 1509 268 1575 gare,
290 1489 378 1555 velut
401 1488 485 1572 Virg.
507 1490 586 1554 Aen.
601 1489 626 1572 L
641 1491 689 1553 67.
1306 1559 1308 1564 ,

267 1596 294 1656 2.
328 1593 377 1657 De
399 1591 453 1656 via
484 1611 549 1674 qua
578 1590 776 1674 ingredimur
804 1592 837 1657 in
866 1591 970 1656 looum
999 1593 1141 1675 aliquem
1171 1593 1301 1658 dieitur:

180 1697 238 1777 111,
254 1700 288 1758 11
315 1695 339 1757 it
354 1713 411 1779 per
434 1694 496 1758 iter
511 1694 744 1760 tenebrioosum
760 1694 844 1759 illue.
891 1693 940 1760 cf.
958 1694 1061 1760 Plant.
1077 1695 1168 1761 Cure.
1183 1696 1207 1776 I,
1222 1701 1247 1776 i,
1261 1699 1300 1759 35

181 1799 227 1863 ire
249 1796 379 1881 publiea
401 1796 456 1860 ria
478 1796 621 1880 Draeger
644 1796 705 1862 S.I
727 1817 757 1880 p.
772 1798 843 1862 522.

267 1902 294 1963 3.
328 1899 441 1963 Modus
471 1917 574 1964 rerum
605 1898 804 1982 agendarum
827 1898 1028 1984 exprimitur:
1057 1900 1128 1984 L‚o
1150 1899 1300 1966 Reddens

180 2007 291 2067 mutua
313 2021 372 2086 per
394 2001 503 2084 joeum
530 2007 629 2084 atque
651 2001 770 2066 vinum.
814 2000 862 2068 Oi.
883 2001 986 2067 Hand.
1009 2003 1101 2067 Tura
1116 2003 1161 2067 IV
1183 2023 1213 2087 p.
1229 2007 1300 2069 435.

180 2106 324 2187 Draeger
346 2103 377 2168 S.
399 2125 429 2188 p.
445 2106 515 2168 605.
561 2111 622 2170 Per
637 2111 734 2170 olnam
756 2104 944 2169 insolentius
958 2103 1078 2169 dietum
1101 2112 1156 2170 est.
1201 2106 1303 2171 Drae-

179 2227 276 2292 genus
298 2228 361 2271 non
385 2207 466 2272 bene
492 2211 659 2290 eomparat
690 2207 737 2273 Pl.
759 2207 823 2273 Mil.
845 2207 896 2272 Gi.
911 2209 968 2270 651
997 2205 1050 2272 ubi
1076 2208 1223 2288 pervim
1254 2209 1300 2273 in·

180 2308 418 2375 strumentaiem
442 2307 637 2393 (oausaleml
664 2307 783 2374 habere
804 2307 937 2374 ridetur.
982 2307 1173 2374 Gallimaehi
1200 2329 1301 2376 reeor-

179 2412 275 2477 datus
304 2405 377 2476 dvo
406 2411 518 2496 scalpta
550 2406 728 2497 συγκεράσι
758 2410 905 2476 Catullus
926 2412 974 2476 ita
995 2410 1131 2496 scripsit.
1165 2411 1300 2479 Salsulae

180 2515 313 2580 Dissert.
335 2513 463 2580 Jenens.
491 2515 581 2579 1871.

265 2617 378 2682 Modus
406 2616 596 2701 exprimitur
625 2616 686 2682 hae
715 2616 951 2700 praepositione
983 2607 1020 2681 in'
1042 2616 1220 2701 e.xvl1,s
1242 2637 1299 2702 per

180 2729 277 2804 eaput
305 2720 469 2804 pedesque
498 2719 707 2803 praeeipitem
737 2715 793 2785 ire.
846 2719 933 2783 Male
960 2718 1100 2802 explieat
1128 2719 1301 2785 Kllhnerns

179 2823 334 2908 (Gramm.
350 2823 420 2886 Lat.
438 2822 469 2886 ΙΙ
485 2841 515 2905 p.
527 2821 614 2907 464),
635 2822 747 2887 eodem
765 2821 858 2886 modo
874 2840 936 2904 quo
952 2820 1163 2899 Doeringins:
1185 2842 1301 2902 „quan-

178 2935 229 2991 tus
252 2931 390 3008 quantus
420 2924 462 2988 sit
492 2941 513 2987 a
543 2925 662 2989 vertioe
691 2941 793 3006 usqne
819 2923 861 2989 ad
890 2922 974 2988 talos
1003 2920 1236 3003 immergatur.“
1258 2959 1299 2966 —

180 3028 268 3093 idem
291 3033 340 3094 est
369 3029 455 3110 quod
478 3026 635 3093 Germani
662 3026 783 3092 dieunt:
813 3026 893 3091 Hals
916 3023 993 3090 liber
1015 3022 1107 3107 Kopf
1131 3023 1175 3088 ad
1203 3025 1299 3106 signi-

178 3130 337 3196 iioandum
362 3131 490 3197 modum
514 3129 693 3196 deoidendi.
844 3147 847 3156 ·

264 3239 293 3299 4.
327 3242 387 3300 Per
409 3232 651 3318 permissionem
682 3231 803 3297 indioat
831 3229 968 3315 (oausae
991 3228 1072 3294 ratio
1095 3228 1189 3295 huius
1212 3249 1301 3314 prae

179 3337 348 3422 positionis
363 3337 555 3401 transfertur
577 3335 619 3400 ad
635 3355 699 3417 eos,
721 3335 774 3417 qui
798 3352 857 3398 nee
879 3331 1020 3397 effieiunt
1042 3351 1102 3399 neo
1117 3333 1302 3417 impediunt,

179 3439 236 3505 sed
257 3439 449 3522 oonoedunt,
478 3445 513 3503 nt
534 3437 658 3520 aliquid
682 3435 767 3521 fiat):
796 3437 836 3517 X,
851 3438 891 3498 34
915 3434 977 3499 Per
1007 3454 1106 3517 quam
1133 3455 1196 3498 non
1227 3435 1302 3499 lieet

181 3560 252 3608 esse
275 3542 494 3625 neglegentem
519 3539 708 3623 (Draegerl
730 3559 760 3622 p.
776 3536 861 3622 664).

265 3646 302 3709 In
324 3643 591 3709 obtestationibus
620 3661 691 3707 eum
722 3641 753 3706 vi
783 3639 1021 3705 instrumentali
1048 3637 1106 3723 (ef.
1129 3639 1301 3720 Draegerl

180 3748 257 3830 605)
280 3748 383 3830 ulna
412 3746 472 3811 Per
498 3745 696 3810 oonsuiatum
725 3743 850 3827 peierat
873 3742 1023 3808 Vatinius
1044 3740 1161 3822 LXVI,
1175 3743 1216 3802 46
1239 3739 1301 3804 Ad·

175 3851 251 3933 juro
273 3868 346 3914 eum
369 3847 552 3912 aoousativo
568 3846 770 3929 eonjunotum
786 3851 843 3911 est.
887 3846 937 3911 De
949 3843 1083 3928 jurandi
1100 3842 1248 3908 formulis
1263 3841 1300 3906 of.

181 3949 353 4017 Obbarium
377 3949 410 4013 in
433 3947 598 4030 Philologo
621 3947 720 4014 voi.V
735 3967 765 4031 p.
780 3951 848 4013 445.

266 4052 332 4136 6,6
349 4050 458 4117 Codex
471 4048 498 4115 0
512 4049 661 4135 praebet:
684 4048 831 4115 Perfecta
846 4057 864 4114 5
878 4013 900 4133 ἑ
915 4057 943 4131 5,
965 4046 1033 4114 eod.
1048 4047 1090 4115 G:
1118 4047 1265 4113 Perfeota
1282 4051 1300 4109 5

179 4155 317 4239 exigitur
337 4161 363 4219 5.
399 4155 461 4221 Pro
484 4151 533 4217 his
557 4150 713 4235 corruptis
735 4150 926 4216 leotionibus
948 4151 1090 4235 reposuit
1100 4147 1300 4215 Schwabius:

178 4263 351 4342 ,posuero
359 4255 502 4322 exhibita
510 4261 559 4321 est
568 4254 663 4318 unies
671 4252 841 4319 amicilia.“
871 4251 1144 4319 Seoutisunteum
1153 4250 1303 4334 Heysius,
